@inproceedings{abbeel_apprenticeship_2004,
  title = {Apprenticeship Learning via Inverse Reinforcement Learning},
  booktitle = {Proceedings of the Twenty-First International Conference on {{Machine}} Learning},
  author = {Abbeel, Pieter and Ng, Andrew Y.},
  date = {2004-07-04},
  series = {{{ICML}} '04},
  pages = {1},
  publisher = {{Association for Computing Machinery}},
  location = {{New York, NY, USA}},
  doi = {10.1145/1015330.1015430},
  url = {https://doi.org/10.1145/1015330.1015430},
  urldate = {2022-09-08},
  isbn = {978-1-58113-838-2},
  keywords = {notion}
}

@article{adams_survey_2022,
  title = {A Survey of Inverse Reinforcement Learning},
  author = {Adams, Stephen and Cody, Tyler and Beling, Peter A.},
  date = {2022-08-01},
  journaltitle = {Artificial Intelligence Review},
  shortjournal = {Artif Intell Rev},
  volume = {55},
  number = {6},
  pages = {4307--4346},
  issn = {1573-7462},
  doi = {10.1007/s10462-021-10108-x},
  url = {https://doi.org/10.1007/s10462-021-10108-x},
  urldate = {2022-08-19},
  langid = {english},
  keywords = {Apprenticeship learning,Inverse optimal control,Inverse reinforcement learning,Learning from demonstration,notion,Reinforcement learning}
}

@misc{ahn_as_2022,
  title = {Do {{As I Can}}, {{Not As I Say}}: {{Grounding Language}} in {{Robotic Affordances}}},
  shorttitle = {Do {{As I Can}}, {{Not As I Say}}},
  author = {Ahn, Michael and Brohan, Anthony and Brown, Noah and Chebotar, Yevgen and Cortes, Omar and David, Byron and Finn, Chelsea and Fu, Chuyuan and Gopalakrishnan, Keerthana and Hausman, Karol and Herzog, Alex and Ho, Daniel and Hsu, Jasmine and Ibarz, Julian and Ichter, Brian and Irpan, Alex and Jang, Eric and Ruano, Rosario Jauregui and Jeffrey, Kyle and Jesmonth, Sally and Joshi, Nikhil J. and Julian, Ryan and Kalashnikov, Dmitry and Kuang, Yuheng and Lee, Kuang-Huei and Levine, Sergey and Lu, Yao and Luu, Linda and Parada, Carolina and Pastor, Peter and Quiambao, Jornell and Rao, Kanishka and Rettinghouse, Jarek and Reyes, Diego and Sermanet, Pierre and Sievers, Nicolas and Tan, Clayton and Toshev, Alexander and Vanhoucke, Vincent and Xia, Fei and Xiao, Ted and Xu, Peng and Xu, Sichun and Yan, Mengyuan and Zeng, Andy},
  date = {2022-08-16},
  number = {arXiv:2204.01691},
  eprint = {2204.01691},
  eprinttype = {arxiv},
  primaryclass = {cs},
  publisher = {{arXiv}},
  doi = {10.48550/arXiv.2204.01691},
  url = {http://arxiv.org/abs/2204.01691},
  urldate = {2022-09-28},
  archiveprefix = {arXiv},
  keywords = {Computer Science - Computation and Language,Computer Science - Machine Learning,Computer Science - Robotics,notion,saycan}
}

@inproceedings{alabdulkareem_goal_2015,
  title = {Goal and {{Preference Identification}} through Natural Language},
  booktitle = {2015 {{IEEE}} 23rd {{International Requirements Engineering Conference}} ({{RE}})},
  author = {Alabdulkareem, Fatima and Cercone, Nick and Liaskos, Sotirios},
  date = {2015-08},
  pages = {56--65},
  issn = {2332-6441},
  doi = {10.1109/RE.2015.7320408},
  eventtitle = {2015 {{IEEE}} 23rd {{International Requirements Engineering Conference}} ({{RE}})},
  keywords = {Cognition,Context,decision analysis,Engines,goal modeling,natural language,Natural languages,preference analysis,requirements engineering,Schedules,Semantics,Stakeholders}
}

@misc{amin_towards_2016,
  title = {Towards {{Resolving Unidentifiability}} in {{Inverse Reinforcement Learning}}},
  author = {Amin, Kareem and Singh, Satinder},
  date = {2016-01-25},
  number = {arXiv:1601.06569},
  eprint = {1601.06569},
  eprinttype = {arxiv},
  primaryclass = {cs},
  publisher = {{arXiv}},
  doi = {10.48550/arXiv.1601.06569},
  url = {http://arxiv.org/abs/1601.06569},
  urldate = {2022-09-08},
  archiveprefix = {arXiv},
  keywords = {Computer Science - Artificial Intelligence,notion}
}

@inproceedings{anderson_vision-and-language_2018,
  title = {Vision-and-{{Language Navigation}}: {{Interpreting Visually-Grounded Navigation Instructions}} in {{Real Environments}}},
  shorttitle = {Vision-and-{{Language Navigation}}},
  author = {Anderson, Peter and Wu, Qi and Teney, Damien and Bruce, Jake and Johnson, Mark and SÃ¼nderhauf, Niko and Reid, Ian and Gould, Stephen and van den Hengel, Anton},
  options = {useprefix=true},
  date = {2018},
  pages = {3674--3683},
  url = {https://openaccess.thecvf.com/content_cvpr_2018/html/Anderson_Vision-and-Language_Navigation_Interpreting_CVPR_2018_paper.html},
  urldate = {2022-10-14},
  eventtitle = {Proceedings of the {{IEEE Conference}} on {{Computer Vision}} and {{Pattern Recognition}}}
}

@inproceedings{biyik_batch_2018,
  title = {Batch {{Active Preference-Based Learning}} of {{Reward Functions}}},
  booktitle = {Proceedings of {{The}} 2nd {{Conference}} on {{Robot Learning}}},
  author = {Biyik, Erdem and Sadigh, Dorsa},
  date = {2018-10-23},
  pages = {519--528},
  publisher = {{PMLR}},
  issn = {2640-3498},
  url = {https://proceedings.mlr.press/v87/biyik18a.html},
  urldate = {2022-09-08},
  eventtitle = {Conference on {{Robot Learning}}},
  langid = {english},
  keywords = {notion}
}

@misc{brooks_-context_2022,
  title = {In-{{Context Policy Iteration}}},
  author = {Brooks, Ethan and Walls, Logan and Lewis, Richard L. and Singh, Satinder},
  date = {2022-10-07},
  number = {arXiv:2210.03821},
  eprint = {2210.03821},
  eprinttype = {arxiv},
  primaryclass = {cs},
  publisher = {{arXiv}},
  doi = {10.48550/arXiv.2210.03821},
  url = {http://arxiv.org/abs/2210.03821},
  urldate = {2022-10-14},
  archiveprefix = {arXiv},
  keywords = {Computer Science - Machine Learning,notion}
}

@unpublished{brown_language_2020,
  ids = {brownLanguageModelsAre2020a},
  title = {Language {{Models}} Are {{Few-Shot Learners}}},
  author = {Brown, Tom B. and Mann, Benjamin and Ryder, Nick and Subbiah, Melanie and Kaplan, Jared and Dhariwal, Prafulla and Neelakantan, Arvind and Shyam, Pranav and Sastry, Girish and Askell, Amanda and Agarwal, Sandhini and Herbert-Voss, Ariel and Krueger, Gretchen and Henighan, Tom and Child, Rewon and Ramesh, Aditya and Ziegler, Daniel M. and Wu, Jeffrey and Winter, Clemens and Hesse, Christopher and Chen, Mark and Sigler, Eric and Litwin, Mateusz and Gray, Scott and Chess, Benjamin and Clark, Jack and Berner, Christopher and McCandlish, Sam and Radford, Alec and Sutskever, Ilya and Amodei, Dario},
  date = {2020-07-22},
  eprint = {2005.14165},
  eprinttype = {arxiv},
  primaryclass = {cs},
  url = {http://arxiv.org/abs/2005.14165},
  urldate = {2020-09-06},
  archiveprefix = {arXiv},
  keywords = {Computer Science - Computation and Language,gpt,gpt-3,gpt3,notion}
}

@misc{chen_decision_2021,
  title = {Decision {{Transformer}}: {{Reinforcement Learning}} via {{Sequence Modeling}}},
  shorttitle = {Decision {{Transformer}}},
  author = {Chen, Lili and Lu, Kevin and Rajeswaran, Aravind and Lee, Kimin and Grover, Aditya and Laskin, Michael and Abbeel, Pieter and Srinivas, Aravind and Mordatch, Igor},
  date = {2021-06-24},
  number = {arXiv:2106.01345},
  eprint = {2106.01345},
  eprinttype = {arxiv},
  primaryclass = {cs},
  publisher = {{arXiv}},
  doi = {10.48550/arXiv.2106.01345},
  url = {http://arxiv.org/abs/2106.01345},
  urldate = {2022-09-28},
  archiveprefix = {arXiv},
  keywords = {Computer Science - Artificial Intelligence,Computer Science - Machine Learning,notion}
}

@inproceedings{chevalier-boisvert_babyai_2022,
  title = {{{BabyAI}}: {{A Platform}} to {{Study}} the {{Sample Efficiency}} of {{Grounded Language Learning}}},
  shorttitle = {{{BabyAI}}},
  author = {Chevalier-Boisvert, Maxime and Bahdanau, Dzmitry and Lahlou, Salem and Willems, Lucas and Saharia, Chitwan and Nguyen, Thien Huu and Bengio, Yoshua},
  date = {2022-02-10},
  url = {https://openreview.net/forum?id=rJeXCo0cYX},
  urldate = {2022-11-08},
  eventtitle = {International {{Conference}} on {{Learning Representations}}},
  langid = {english},
  keywords = {notion}
}

@article{choi_inverse_2011,
  title = {Inverse {{Reinforcement Learning}} in {{Partially Observable Environments}}},
  author = {Choi, Jaedeug and Kim, Kee-Eung},
  date = {2011},
  journaltitle = {Journal of Machine Learning Research},
  volume = {12},
  number = {21},
  pages = {691--730},
  issn = {1533-7928},
  url = {http://jmlr.org/papers/v12/choi11a.html},
  urldate = {2022-09-08}
}

@inproceedings{christiano_deep_2017,
  title = {Deep {{Reinforcement Learning}} from {{Human Preferences}}},
  booktitle = {Advances in {{Neural Information Processing Systems}}},
  author = {Christiano, Paul F and Leike, Jan and Brown, Tom and Martic, Miljan and Legg, Shane and Amodei, Dario},
  date = {2017},
  volume = {30},
  publisher = {{Curran Associates, Inc.}},
  url = {https://proceedings.neurips.cc/paper/2017/hash/d5e2c0adad503c91f91df240d0cd4e49-Abstract.html},
  urldate = {2022-11-09},
  keywords = {notion}
}

@misc{ding_robot_2022,
  title = {Robot {{Task Planning}} and {{Situation Handling}} in {{Open Worlds}}},
  author = {Ding, Yan and Zhang, Xiaohan and Amiri, Saeid and Cao, Nieqing and Yang, Hao and Esselink, Chad and Zhang, Shiqi},
  date = {2022-10-03},
  number = {arXiv:2210.01287},
  eprint = {2210.01287},
  eprinttype = {arxiv},
  primaryclass = {cs},
  publisher = {{arXiv}},
  doi = {10.48550/arXiv.2210.01287},
  url = {http://arxiv.org/abs/2210.01287},
  urldate = {2022-10-14},
  archiveprefix = {arXiv},
  keywords = {Computer Science - Artificial Intelligence,Computer Science - Robotics,notion}
}

@article{dohan_language_2022,
  title = {Language {{Model Cascades}}},
  author = {Dohan, David and Xu, Winnie and Lewkowycz, Aitor and Austin, Jacob and Bieber, David and Lopes, Raphael Gontijo and Wu, Yuhuai and Michalewski, Henryk and Saurous, Rif A. and Sohl-dickstein, Jascha and Murphy, Kevin and Sutton, Charles},
  date = {2022-07-21},
  doi = {10.48550/arXiv.2207.10342},
  url = {https://arxiv.org/abs/2207.10342v2},
  urldate = {2022-08-01},
  langid = {english},
  keywords = {notion}
}

@inproceedings{dosovitskiy_image_2022,
  title = {An {{Image}} Is {{Worth}} 16x16 {{Words}}: {{Transformers}} for {{Image Recognition}} at {{Scale}}},
  shorttitle = {An {{Image}} Is {{Worth}} 16x16 {{Words}}},
  author = {Dosovitskiy, Alexey and Beyer, Lucas and Kolesnikov, Alexander and Weissenborn, Dirk and Zhai, Xiaohua and Unterthiner, Thomas and Dehghani, Mostafa and Minderer, Matthias and Heigold, Georg and Gelly, Sylvain and Uszkoreit, Jakob and Houlsby, Neil},
  date = {2022-03-23},
  url = {https://openreview.net/forum?id=YicbFdNTTy},
  urldate = {2022-11-09},
  eventtitle = {International {{Conference}} on {{Learning Representations}}},
  langid = {english}
}

@inproceedings{evans_learning_2015,
  title = {Learning the Preferences of Bounded Agents},
  author = {Evans, Owain and Stuhlmuller, Andreas and Goodman, Noah D.},
  date = {2015},
  keywords = {notion}
}

@inproceedings{evans_learning_2016,
  title = {Learning the Preferences of Ignorant, Inconsistent Agents},
  booktitle = {Proceedings of the {{Thirtieth AAAI Conference}} on {{Artificial Intelligence}}},
  author = {Evans, Owain and StuhlmÃ¼ller, Andreas and Goodman, Noah D.},
  date = {2016-02-12},
  series = {{{AAAI}}'16},
  pages = {323--329},
  publisher = {{AAAI Press}},
  location = {{Phoenix, Arizona}},
  keywords = {bayesian learning,cognitive biases,preference inference}
}

@misc{fan_minedojo_2022,
  ids = {fan_minedojo_2022-1},
  title = {{{MineDojo}}: {{Building Open-Ended Embodied Agents}} with {{Internet-Scale Knowledge}}},
  shorttitle = {{{MineDojo}}},
  author = {Fan, Linxi and Wang, Guanzhi and Jiang, Yunfan and Mandlekar, Ajay and Yang, Yuncong and Zhu, Haoyi and Tang, Andrew and Huang, De-An and Zhu, Yuke and Anandkumar, Anima},
  date = {2022-06-17},
  number = {arXiv:2206.08853},
  eprint = {2206.08853},
  eprinttype = {arxiv},
  primaryclass = {cs},
  publisher = {{arXiv}},
  doi = {10.48550/arXiv.2206.08853},
  url = {http://arxiv.org/abs/2206.08853},
  urldate = {2022-10-07},
  archiveprefix = {arXiv},
  keywords = {Computer Science - Artificial Intelligence,Computer Science - Computation and Language,Computer Science - Computer Vision and Pattern Recognition,Computer Science - Machine Learning,notion}
}

@misc{gal_image_2022,
  title = {An {{Image}} Is {{Worth One Word}}: {{Personalizing Text-to-Image Generation}} Using {{Textual Inversion}}},
  shorttitle = {An {{Image}} Is {{Worth One Word}}},
  author = {Gal, Rinon and Alaluf, Yuval and Atzmon, Yuval and Patashnik, Or and Bermano, Amit H. and Chechik, Gal and Cohen-Or, Daniel},
  date = {2022-08-02},
  number = {arXiv:2208.01618},
  eprint = {2208.01618},
  eprinttype = {arxiv},
  primaryclass = {cs},
  publisher = {{arXiv}},
  doi = {10.48550/arXiv.2208.01618},
  url = {http://arxiv.org/abs/2208.01618},
  urldate = {2022-09-08},
  archiveprefix = {arXiv},
  keywords = {Computer Science - Computation and Language,Computer Science - Computer Vision and Pattern Recognition,Computer Science - Graphics,Computer Science - Machine Learning,notion}
}

@inproceedings{goyal_using_2019,
  title = {Using {{Natural Language}} for {{Reward Shaping}} in {{Reinforcement Learning}}},
  booktitle = {Proceedings of the {{Twenty-Eighth International Joint Conference}} on {{Artificial Intelligence}}},
  author = {Goyal, Prasoon and Niekum, Scott and Mooney, Raymond J.},
  date = {2019-08},
  pages = {2385--2391},
  publisher = {{International Joint Conferences on Artificial Intelligence Organization}},
  location = {{Macao, China}},
  doi = {10.24963/ijcai.2019/331},
  url = {https://www.ijcai.org/proceedings/2019/331},
  urldate = {2022-09-14},
  eventtitle = {Twenty-{{Eighth International Joint Conference}} on {{Artificial Intelligence}} \{\vphantom\}{{IJCAI-19}}\vphantom\{\}},
  isbn = {978-0-9992411-4-1},
  langid = {english}
}

@misc{gramopadhye_generating_2022,
  title = {Generating {{Executable Action Plans}} with {{Environmentally-Aware Language Models}}},
  author = {Gramopadhye, Maitrey and Szafir, Daniel},
  date = {2022-10-10},
  number = {arXiv:2210.04964},
  eprint = {2210.04964},
  eprinttype = {arxiv},
  primaryclass = {cs},
  publisher = {{arXiv}},
  doi = {10.48550/arXiv.2210.04964},
  url = {http://arxiv.org/abs/2210.04964},
  urldate = {2022-10-14},
  archiveprefix = {arXiv},
  keywords = {Computer Science - Artificial Intelligence,Computer Science - Computation and Language,Computer Science - Robotics,notion}
}

@misc{gu_open-vocabulary_2022,
  title = {Open-Vocabulary {{Object Detection}} via {{Vision}} and {{Language Knowledge Distillation}}},
  author = {Gu, Xiuye and Lin, Tsung-Yi and Kuo, Weicheng and Cui, Yin},
  date = {2022-05-11},
  number = {arXiv:2104.13921},
  eprint = {2104.13921},
  eprinttype = {arxiv},
  primaryclass = {cs},
  publisher = {{arXiv}},
  doi = {10.48550/arXiv.2104.13921},
  url = {http://arxiv.org/abs/2104.13921},
  urldate = {2022-10-14},
  archiveprefix = {arXiv},
  keywords = {Computer Science - Artificial Intelligence,Computer Science - Computer Vision and Pattern Recognition,Computer Science - Machine Learning,notion}
}

@misc{hendrycks_unsolved_2022,
  title = {Unsolved {{Problems}} in {{ML Safety}}},
  author = {Hendrycks, Dan and Carlini, Nicholas and Schulman, John and Steinhardt, Jacob},
  date = {2022-06-16},
  number = {arXiv:2109.13916},
  eprint = {2109.13916},
  eprinttype = {arxiv},
  primaryclass = {cs},
  publisher = {{arXiv}},
  doi = {10.48550/arXiv.2109.13916},
  url = {http://arxiv.org/abs/2109.13916},
  urldate = {2022-07-28},
  archiveprefix = {arXiv},
  keywords = {Computer Science - Artificial Intelligence,Computer Science - Computation and Language,Computer Science - Computer Vision and Pattern Recognition,Computer Science - Machine Learning,notion}
}

@inproceedings{ho_generative_2016,
  title = {Generative {{Adversarial Imitation Learning}}},
  booktitle = {Advances in {{Neural Information Processing Systems}}},
  author = {Ho, Jonathan and Ermon, Stefano},
  date = {2016},
  volume = {29},
  publisher = {{Curran Associates, Inc.}},
  url = {https://proceedings.neurips.cc/paper/2016/hash/cc7e2b878868cbae992d1fb743995d8f-Abstract.html},
  urldate = {2022-09-08},
  keywords = {notion}
}

@misc{huang_inner_2022,
  ids = {huang_inner_2022-1},
  title = {Inner {{Monologue}}: {{Embodied Reasoning}} through {{Planning}} with {{Language Models}}},
  shorttitle = {Inner {{Monologue}}},
  author = {Huang, Wenlong and Xia, Fei and Xiao, Ted and Chan, Harris and Liang, Jacky and Florence, Pete and Zeng, Andy and Tompson, Jonathan and Mordatch, Igor and Chebotar, Yevgen and Sermanet, Pierre and Brown, Noah and Jackson, Tomas and Luu, Linda and Levine, Sergey and Hausman, Karol and Ichter, Brian},
  date = {2022-07-12},
  number = {arXiv:2207.05608},
  eprint = {2207.05608},
  eprinttype = {arxiv},
  primaryclass = {cs},
  publisher = {{arXiv}},
  doi = {10.48550/arXiv.2207.05608},
  url = {http://arxiv.org/abs/2207.05608},
  urldate = {2022-10-12},
  archiveprefix = {arXiv},
  keywords = {Computer Science - Artificial Intelligence,Computer Science - Computation and Language,Computer Science - Computer Vision and Pattern Recognition,Computer Science - Machine Learning,Computer Science - Robotics,notion}
}

@misc{humphreys_data-driven_2022,
  title = {A Data-Driven Approach for Learning to Control Computers},
  author = {Humphreys, Peter C. and Raposo, David and Pohlen, Toby and Thornton, Gregory and Chhaparia, Rachita and Muldal, Alistair and Abramson, Josh and Georgiev, Petko and Goldin, Alex and Santoro, Adam and Lillicrap, Timothy},
  date = {2022-02-16},
  number = {arXiv:2202.08137},
  eprint = {2202.08137},
  eprinttype = {arxiv},
  primaryclass = {cs},
  publisher = {{arXiv}},
  doi = {10.48550/arXiv.2202.08137},
  url = {http://arxiv.org/abs/2202.08137},
  urldate = {2022-09-28},
  archiveprefix = {arXiv},
  keywords = {Computer Science - Machine Learning,notion}
}

@inproceedings{ibarz_reward_2018,
  title = {Reward Learning from Human Preferences and Demonstrations in {{Atari}}},
  booktitle = {Proceedings of the 32nd {{International Conference}} on {{Neural Information Processing Systems}}},
  author = {Ibarz, Borja and Leike, Jan and Pohlen, Tobias and Irving, Geoffrey and Legg, Shane and Amodei, Dario},
  date = {2018-12-03},
  series = {{{NIPS}}'18},
  pages = {8022--8034},
  publisher = {{Curran Associates Inc.}},
  location = {{Red Hook, NY, USA}}
}

@misc{jiang_vima_2022,
  ids = {jiang_vima_2022-1},
  title = {{{VIMA}}: {{General Robot Manipulation}} with {{Multimodal Prompts}}},
  shorttitle = {{{VIMA}}},
  author = {Jiang, Yunfan and Gupta, Agrim and Zhang, Zichen and Wang, Guanzhi and Dou, Yongqiang and Chen, Yanjun and Fei-Fei, Li and Anandkumar, Anima and Zhu, Yuke and Fan, Linxi},
  date = {2022-10-06},
  number = {arXiv:2210.03094},
  eprint = {2210.03094},
  eprinttype = {arxiv},
  primaryclass = {cs},
  publisher = {{arXiv}},
  doi = {10.48550/arXiv.2210.03094},
  url = {http://arxiv.org/abs/2210.03094},
  urldate = {2022-10-07},
  archiveprefix = {arXiv},
  keywords = {Computer Science - Artificial Intelligence,Computer Science - Machine Learning,Computer Science - Robotics,notion}
}

@dataset{jiang_yunfan_vima_2022,
  title = {{{VIMA}}: {{General Robot Manipulation}} with {{Multimodal Prompts}}},
  shorttitle = {{{VIMA}}},
  author = {Jiang, Yunfan and Gupta, Agrim and Zhang, Zichen and Wang, Guanzhi and Dou, Yongqiang and Chen, Yanjun and Li, Fei-Fei and Anandkumar, Anima and Zhu, Yuke and Fan, Linxi},
  date = {2022-09-28},
  publisher = {{Zenodo}},
  doi = {10.5281/ZENODO.7127587},
  url = {https://zenodo.org/record/7127587},
  urldate = {2022-10-14},
  version = {v1}
}

@misc{kawar_imagic_2022,
  title = {Imagic: {{Text-Based Real Image Editing}} with {{Diffusion Models}}},
  shorttitle = {Imagic},
  author = {Kawar, Bahjat and Zada, Shiran and Lang, Oran and Tov, Omer and Chang, Huiwen and Dekel, Tali and Mosseri, Inbar and Irani, Michal},
  date = {2022-10-17},
  number = {arXiv:2210.09276},
  eprint = {2210.09276},
  eprinttype = {arxiv},
  primaryclass = {cs},
  publisher = {{arXiv}},
  doi = {10.48550/arXiv.2210.09276},
  url = {http://arxiv.org/abs/2210.09276},
  urldate = {2022-10-20},
  archiveprefix = {arXiv},
  keywords = {Computer Science - Computer Vision and Pattern Recognition,notion}
}

@misc{krakovna_penalizing_2019,
  title = {Penalizing Side Effects Using Stepwise Relative Reachability},
  author = {Krakovna, Victoria and Orseau, Laurent and Kumar, Ramana and Martic, Miljan and Legg, Shane},
  date = {2019-03-08},
  number = {arXiv:1806.01186},
  eprint = {1806.01186},
  eprinttype = {arxiv},
  primaryclass = {cs, stat},
  publisher = {{arXiv}},
  doi = {10.48550/arXiv.1806.01186},
  url = {http://arxiv.org/abs/1806.01186},
  urldate = {2022-10-14},
  archiveprefix = {arXiv},
  keywords = {Computer Science - Artificial Intelligence,Computer Science - Machine Learning,Statistics - Machine Learning}
}

@misc{krasheninnikov_combining_2021,
  title = {Combining {{Reward Information}} from {{Multiple Sources}}},
  author = {Krasheninnikov, Dmitrii and Shah, Rohin and van Hoof, Herke},
  options = {useprefix=true},
  date = {2021-03-22},
  number = {arXiv:2103.12142},
  eprint = {2103.12142},
  eprinttype = {arxiv},
  primaryclass = {cs},
  publisher = {{arXiv}},
  doi = {10.48550/arXiv.2103.12142},
  url = {http://arxiv.org/abs/2103.12142},
  urldate = {2022-09-07},
  archiveprefix = {arXiv},
  keywords = {Computer Science - Artificial Intelligence,Computer Science - Machine Learning,notion}
}

@inproceedings{lee_pebble_2021,
  title = {{{PEBBLE}}: {{Feedback-Efficient Interactive Reinforcement Learning}} via {{Relabeling Experience}} and {{Unsupervised Pre-training}}},
  shorttitle = {{{PEBBLE}}},
  booktitle = {Proceedings of the 38th {{International Conference}} on {{Machine Learning}}},
  author = {Lee, Kimin and Smith, Laura M. and Abbeel, Pieter},
  date = {2021-07-01},
  pages = {6152--6163},
  publisher = {{PMLR}},
  issn = {2640-3498},
  url = {https://proceedings.mlr.press/v139/lee21i.html},
  urldate = {2022-11-09},
  eventtitle = {International {{Conference}} on {{Machine Learning}}},
  langid = {english},
  keywords = {notion}
}

@misc{lindner_humans_2022,
  title = {Humans Are Not {{Boltzmann Distributions}}: {{Challenges}} and {{Opportunities}} for {{Modelling Human Feedback}} and {{Interaction}} in {{Reinforcement Learning}}},
  shorttitle = {Humans Are Not {{Boltzmann Distributions}}},
  author = {Lindner, David and El-Assady, Mennatallah},
  date = {2022-06-27},
  number = {arXiv:2206.13316},
  eprint = {2206.13316},
  eprinttype = {arxiv},
  primaryclass = {cs, stat},
  publisher = {{arXiv}},
  doi = {10.48550/arXiv.2206.13316},
  url = {http://arxiv.org/abs/2206.13316},
  urldate = {2022-09-07},
  archiveprefix = {arXiv},
  keywords = {Computer Science - Human-Computer Interaction,Computer Science - Machine Learning,notion,Statistics - Machine Learning}
}

@inproceedings{liu_reinforcement_2022,
  title = {Reinforcement {{Learning}} on {{Web Interfaces}} Using {{Workflow-Guided Exploration}}},
  author = {Liu, Evan Zheran and Guu, Kelvin and Pasupat, Panupong and Shi, Tianlin and Liang, Percy},
  date = {2022-02-10},
  url = {https://openreview.net/forum?id=ryTp3f-0-},
  urldate = {2022-11-09},
  eventtitle = {International {{Conference}} on {{Learning Representations}}},
  langid = {english}
}

@misc{lu_neuro-symbolic_2022,
  title = {Neuro-{{Symbolic Procedural Planning}} with {{Commonsense Prompting}}},
  author = {Lu, Yujie and Feng, Weixi and Zhu, Wanrong and Xu, Wenda and Wang, Xin Eric and Eckstein, Miguel and Wang, William Yang},
  date = {2022-10-12},
  number = {arXiv:2206.02928},
  eprint = {2206.02928},
  eprinttype = {arxiv},
  primaryclass = {cs},
  publisher = {{arXiv}},
  doi = {10.48550/arXiv.2206.02928},
  url = {http://arxiv.org/abs/2206.02928},
  urldate = {2022-10-14},
  archiveprefix = {arXiv},
  keywords = {Computer Science - Artificial Intelligence,Computer Science - Computation and Language,Computer Science - Machine Learning,notion}
}

@inproceedings{ng_algorithms_2000,
  title = {Algorithms for {{Inverse Reinforcement Learning}}},
  booktitle = {In {{Proc}}. 17th {{International Conf}}. on {{Machine Learning}}},
  author = {Ng, Andrew Y. and Russell, Stuart},
  date = {2000},
  pages = {663--670},
  publisher = {{Morgan Kaufmann}},
  keywords = {notion}
}

@misc{ouyang_training_2022,
  title = {Training Language Models to Follow Instructions with Human Feedback},
  author = {Ouyang, Long and Wu, Jeff and Jiang, Xu and Almeida, Diogo and Wainwright, Carroll L. and Mishkin, Pamela and Zhang, Chong and Agarwal, Sandhini and Slama, Katarina and Ray, Alex and Schulman, John and Hilton, Jacob and Kelton, Fraser and Miller, Luke and Simens, Maddie and Askell, Amanda and Welinder, Peter and Christiano, Paul and Leike, Jan and Lowe, Ryan},
  date = {2022-03-04},
  number = {arXiv:2203.02155},
  eprint = {2203.02155},
  eprinttype = {arxiv},
  primaryclass = {cs},
  publisher = {{arXiv}},
  doi = {10.48550/arXiv.2203.02155},
  url = {http://arxiv.org/abs/2203.02155},
  urldate = {2022-09-28},
  archiveprefix = {arXiv},
  keywords = {Computer Science - Artificial Intelligence,Computer Science - Computation and Language,Computer Science - Machine Learning,instruct gpt,notion}
}

@inproceedings{pan_effects_2022,
  title = {The {{Effects}} of {{Reward Misspecification}}: {{Mapping}} and {{Mitigating Misaligned Models}}},
  shorttitle = {The {{Effects}} of {{Reward Misspecification}}},
  author = {Pan, Alexander and Bhatia, Kush and Steinhardt, Jacob},
  date = {2022-02-14},
  url = {https://openreview.net/forum?id=JYtwGwIL7ye},
  urldate = {2022-11-09},
  eventtitle = {International {{Conference}} on {{Learning Representations}}},
  langid = {english}
}

@misc{ramesh_hierarchical_2022,
  title = {Hierarchical {{Text-Conditional Image Generation}} with {{CLIP Latents}}},
  author = {Ramesh, Aditya and Dhariwal, Prafulla and Nichol, Alex and Chu, Casey and Chen, Mark},
  date = {2022-04-12},
  number = {arXiv:2204.06125},
  eprint = {2204.06125},
  eprinttype = {arxiv},
  primaryclass = {cs},
  publisher = {{arXiv}},
  doi = {10.48550/arXiv.2204.06125},
  url = {http://arxiv.org/abs/2204.06125},
  urldate = {2022-09-08},
  archiveprefix = {arXiv},
  keywords = {Computer Science - Computer Vision and Pattern Recognition,notion}
}

@misc{reynolds_prompt_2021,
  title = {Prompt {{Programming}} for {{Large Language Models}}: {{Beyond}} the {{Few-Shot Paradigm}}},
  shorttitle = {Prompt {{Programming}} for {{Large Language Models}}},
  author = {Reynolds, Laria and McDonell, Kyle},
  date = {2021-02-15},
  number = {arXiv:2102.07350},
  eprint = {2102.07350},
  eprinttype = {arxiv},
  primaryclass = {cs},
  publisher = {{arXiv}},
  doi = {10.48550/arXiv.2102.07350},
  url = {http://arxiv.org/abs/2102.07350},
  urldate = {2022-09-08},
  archiveprefix = {arXiv},
  keywords = {Computer Science - Artificial Intelligence,Computer Science - Computation and Language,notion}
}

@inproceedings{rombach_high-resolution_2022,
  title = {High-{{Resolution Image Synthesis With Latent Diffusion Models}}},
  author = {Rombach, Robin and Blattmann, Andreas and Lorenz, Dominik and Esser, Patrick and Ommer, BjÃ¶rn},
  date = {2022},
  pages = {10684--10695},
  url = {https://openaccess.thecvf.com/content/CVPR2022/html/Rombach_High-Resolution_Image_Synthesis_With_Latent_Diffusion_Models_CVPR_2022_paper.html},
  urldate = {2022-09-08},
  eventtitle = {Proceedings of the {{IEEE}}/{{CVF Conference}} on {{Computer Vision}} and {{Pattern Recognition}}},
  langid = {english},
  keywords = {notion}
}

@book{sadigh_active_2017,
  title = {Active Preference-Based Learning of Reward Functions},
  author = {Sadigh, D. and Dragan, A. D. and Sastry, S. and Seshia, S. A.},
  date = {2017},
  doi = {10.15607/rss.2017.xiii.053},
  url = {https://escholarship.org/uc/item/88k894w7},
  urldate = {2022-09-08},
  isbn = {978-0-9923747-3-0},
  langid = {english},
  keywords = {notion}
}

@unpublished{sanh_multitask_2022,
  title = {Multitask {{Prompted Training Enables Zero-Shot Task Generalization}}},
  author = {Sanh, Victor and Webson, Albert and Raffel, Colin and Bach, Stephen H. and Sutawika, Lintang and Alyafeai, Zaid and Chaffin, Antoine and Stiegler, Arnaud and Scao, Teven Le and Raja, Arun and Dey, Manan and Bari, M. Saiful and Xu, Canwen and Thakker, Urmish and Sharma, Shanya Sharma and Szczechla, Eliza and Kim, Taewoon and Chhablani, Gunjan and Nayak, Nihal and Datta, Debajyoti and Chang, Jonathan and Jiang, Mike Tian-Jian and Wang, Han and Manica, Matteo and Shen, Sheng and Yong, Zheng Xin and Pandey, Harshit and Bawden, Rachel and Wang, Thomas and Neeraj, Trishala and Rozen, Jos and Sharma, Abheesht and Santilli, Andrea and Fevry, Thibault and Fries, Jason Alan and Teehan, Ryan and Bers, Tali and Biderman, Stella and Gao, Leo and Wolf, Thomas and Rush, Alexander M.},
  date = {2022-03-17},
  eprint = {2110.08207},
  eprinttype = {arxiv},
  primaryclass = {cs},
  url = {http://arxiv.org/abs/2110.08207},
  urldate = {2022-04-07},
  archiveprefix = {arXiv},
  keywords = {Computer Science - Computation and Language,Computer Science - Machine Learning,notion,T0}
}

@misc{scheurer_training_2022,
  title = {Training {{Language Models}} with {{Language Feedback}}},
  author = {Scheurer, JÃ©rÃ©my and Campos, Jon Ander and Chan, Jun Shern and Chen, Angelica and Cho, Kyunghyun and Perez, Ethan},
  date = {2022-05-20},
  number = {arXiv:2204.14146},
  eprint = {2204.14146},
  eprinttype = {arxiv},
  primaryclass = {cs},
  publisher = {{arXiv}},
  doi = {10.48550/arXiv.2204.14146},
  url = {http://arxiv.org/abs/2204.14146},
  urldate = {2022-09-22},
  archiveprefix = {arXiv},
  keywords = {Computer Science - Artificial Intelligence,Computer Science - Computation and Language,Computer Science - Machine Learning,ethan perez,notion}
}

@article{shah_benefits_2021,
  title = {Benefits of {{Assistance}} over {{Reward Learning}}},
  author = {Shah, Rohin and Freire, Pedro and Alex, Neel and Freedman, Rachel and Krasheninnikov, Dmitrii and Chan, Lawrence and Dennis, Michael D. and Abbeel, Pieter and Dragan, Anca and Russell, Stuart},
  date = {2021-03-05},
  url = {https://openreview.net/forum?id=DFIoGDZejIB},
  urldate = {2022-09-13},
  langid = {english},
  keywords = {notion}
}

@misc{shah_preferences_2019,
  title = {Preferences {{Implicit}} in the {{State}} of the {{World}}},
  author = {Shah, Rohin and Krasheninnikov, Dmitrii and Alexander, Jordan and Abbeel, Pieter and Dragan, Anca},
  date = {2019-04-18},
  number = {arXiv:1902.04198},
  eprint = {1902.04198},
  eprinttype = {arxiv},
  primaryclass = {cs, stat},
  publisher = {{arXiv}},
  doi = {10.48550/arXiv.1902.04198},
  url = {http://arxiv.org/abs/1902.04198},
  urldate = {2022-09-13},
  archiveprefix = {arXiv},
  keywords = {Computer Science - Artificial Intelligence,Computer Science - Machine Learning,notion,Statistics - Machine Learning}
}

@inproceedings{shridhar_cliport_2021,
  title = {{{CLIPort}}: {{What}} and {{Where Pathways}} for {{Robotic Manipulation}}},
  shorttitle = {{{CLIPort}}},
  author = {Shridhar, Mohit and Manuelli, Lucas and Fox, Dieter},
  date = {2021-11-04},
  url = {https://openreview.net/forum?id=9uFiX_HRsIL},
  urldate = {2022-11-09},
  eventtitle = {5th {{Annual Conference}} on {{Robot Learning}}},
  langid = {english},
  keywords = {notion}
}

@inproceedings{shridhar_perceiver-actor_2022,
  title = {Perceiver-{{Actor}}: {{A Multi-Task Transformer}} for {{Robotic Manipulation}}},
  shorttitle = {Perceiver-{{Actor}}},
  author = {Shridhar, Mohit and Manuelli, Lucas and Fox, Dieter},
  date = {2022-09-13},
  url = {https://openreview.net/forum?id=PS_eCS_WCvD},
  urldate = {2022-11-09},
  eventtitle = {6th {{Annual Conference}} on {{Robot Learning}}},
  langid = {english},
  keywords = {notion}
}

@article{silver_reward_2021,
  title = {Reward Is Enough},
  author = {Silver, David and Singh, Satinder and Precup, Doina and Sutton, Richard S.},
  date = {2021-10-01},
  journaltitle = {Artificial Intelligence},
  shortjournal = {Artificial Intelligence},
  volume = {299},
  pages = {103535},
  issn = {0004-3702},
  doi = {10.1016/j.artint.2021.103535},
  url = {https://www.sciencedirect.com/science/article/pii/S0004370221000862},
  urldate = {2022-08-01},
  langid = {english},
  keywords = {Artificial general intelligence,Artificial intelligence,notion,Reinforcement learning,Reward}
}

@misc{skalse_defining_2022,
  title = {Defining and {{Characterizing Reward Hacking}}},
  author = {Skalse, Joar and Howe, Nikolaus H. R. and Krasheninnikov, Dmitrii and Krueger, David},
  date = {2022-09-26},
  number = {arXiv:2209.13085},
  eprint = {2209.13085},
  eprinttype = {arxiv},
  primaryclass = {cs, stat},
  publisher = {{arXiv}},
  doi = {10.48550/arXiv.2209.13085},
  url = {http://arxiv.org/abs/2209.13085},
  urldate = {2022-10-02},
  archiveprefix = {arXiv},
  keywords = {Computer Science - Machine Learning,notion,Statistics - Machine Learning}
}

@online{steinhardt_ai_2019,
  title = {{{AI Alignment Research Overview}} [{{Oct}} 2019]},
  author = {Steinhardt, Jacob},
  date = {2019-10},
  url = {https://docs.google.com/document/d/1FbTuRvC4TFWzGYerTKpBU7FJlyvjeOvVYF2uYNFSlOc/edit?usp=sharing&usp=embed_facebook},
  urldate = {2022-08-19},
  langid = {english},
  organization = {{Google Docs}},
  keywords = {notion}
}

@article{sumers_learning_2021,
  title = {Learning {{Rewards From Linguistic Feedback}}},
  author = {Sumers, Theodore R. and Ho, Mark K. and Hawkins, Robert D. and Narasimhan, Karthik and Griffiths, Thomas L.},
  date = {2021-05-18},
  journaltitle = {Proceedings of the AAAI Conference on Artificial Intelligence},
  volume = {35},
  number = {7},
  pages = {6002--6010},
  issn = {2374-3468},
  doi = {10.1609/aaai.v35i7.16749},
  url = {https://ojs.aaai.org/index.php/AAAI/article/view/16749},
  urldate = {2022-11-09},
  issue = {7},
  langid = {english},
  keywords = {notion,Social Cognition And Interaction}
}

@inproceedings{turner_optimal_2022,
  title = {Optimal {{Policies Tend To Seek Power}}},
  author = {Turner, Alexander Matt and Smith, Logan Riggs and Shah, Rohin and Critch, Andrew and Tadepalli, Prasad},
  date = {2022-01-03},
  url = {https://openreview.net/forum?id=l7-DBWawSZH},
  urldate = {2022-11-09},
  eventtitle = {Advances in {{Neural Information Processing Systems}}},
  langid = {english}
}

@article{vamplew_scalar_2022,
  title = {Scalar Reward Is Not Enough: A Response to {{Silver}}, {{Singh}}, {{Precup}} and {{Sutton}} (2021)},
  shorttitle = {Scalar Reward Is Not Enough},
  author = {Vamplew, Peter and Smith, Benjamin J. and KÃ¤llstrÃ¶m, Johan and Ramos, Gabriel and RÄdulescu, Roxana and Roijers, Diederik M. and Hayes, Conor F. and Heintz, Fredrik and Mannion, Patrick and Libin, Pieter J. K. and Dazeley, Richard and Foale, Cameron},
  date = {2022-07-16},
  journaltitle = {Autonomous Agents and Multi-Agent Systems},
  shortjournal = {Auton Agent Multi-Agent Syst},
  volume = {36},
  number = {2},
  pages = {41},
  issn = {1573-7454},
  doi = {10.1007/s10458-022-09575-5},
  url = {https://doi.org/10.1007/s10458-022-09575-5},
  urldate = {2022-08-01},
  langid = {english},
  keywords = {Artificial general intelligence,Multi-objective decision making,Multi-objective reinforcement learning,notion,Reinforcement learning,Safe and ethical AI,Scalar rewards,Vector rewards}
}

@unpublished{vaswani_attention_2017,
  ids = {vaswaniAttentionAllYou2017,vaswaniAttentionAllYou2017b},
  title = {Attention {{Is All You Need}}},
  author = {Vaswani, Ashish and Shazeer, Noam and Parmar, Niki and Uszkoreit, Jakob and Jones, Llion and Gomez, Aidan N. and Kaiser, Lukasz and Polosukhin, Illia},
  date = {2017-12-05},
  eprint = {1706.03762},
  eprinttype = {arxiv},
  primaryclass = {cs},
  url = {http://arxiv.org/abs/1706.03762},
  urldate = {2021-04-29},
  archiveprefix = {arXiv},
  keywords = {Computer Science - Computation and Language,Computer Science - Machine Learning,notion}
}

@inproceedings{watkins_teachable_2021,
  title = {Teachable {{Reinforcement Learning}} via {{Advice Distillation}}},
  booktitle = {Advances in {{Neural Information Processing Systems}}},
  author = {Watkins, Olivia and Gupta, Abhishek and Darrell, Trevor and Abbeel, Pieter and Andreas, Jacob},
  date = {2021},
  volume = {34},
  pages = {6920--6933},
  publisher = {{Curran Associates, Inc.}},
  url = {https://proceedings.neurips.cc/paper/2021/hash/37cfff3c04f95b22bcf166df586cd7a9-Abstract.html},
  urldate = {2022-11-02},
  keywords = {notion}
}

@inproceedings{wu_ai_2022,
  title = {{{AI Chains}}: {{Transparent}} and {{Controllable Human-AI Interaction}} by {{Chaining Large Language Model Prompts}}},
  shorttitle = {{{AI Chains}}},
  booktitle = {Proceedings of the 2022 {{CHI Conference}} on {{Human Factors}} in {{Computing Systems}}},
  author = {Wu, Tongshuang and Terry, Michael and Cai, Carrie Jun},
  date = {2022-04-29},
  series = {{{CHI}} '22},
  pages = {1--22},
  publisher = {{Association for Computing Machinery}},
  location = {{New York, NY, USA}},
  doi = {10.1145/3491102.3517582},
  url = {https://doi.org/10.1145/3491102.3517582},
  urldate = {2022-09-08},
  isbn = {978-1-4503-9157-3},
  keywords = {Human-AI Interaction,Large Language Models,Natural Language Processing,notion}
}

@misc{yao_react_2022,
  title = {{{ReAct}}: {{Synergizing Reasoning}} and {{Acting}} in {{Language Models}}},
  shorttitle = {{{ReAct}}},
  author = {Yao, Shunyu and Zhao, Jeffrey and Yu, Dian and Du, Nan and Shafran, Izhak and Narasimhan, Karthik and Cao, Yuan},
  date = {2022-10-05},
  number = {arXiv:2210.03629},
  eprint = {2210.03629},
  eprinttype = {arxiv},
  primaryclass = {cs},
  publisher = {{arXiv}},
  doi = {10.48550/arXiv.2210.03629},
  url = {http://arxiv.org/abs/2210.03629},
  urldate = {2022-10-14},
  archiveprefix = {arXiv},
  keywords = {Computer Science - Artificial Intelligence,Computer Science - Computation and Language,Computer Science - Machine Learning,notion}
}

@misc{yu_using_2022,
  title = {Using {{Both Demonstrations}} and {{Language Instructions}} to {{Efficiently Learn Robotic Tasks}}},
  author = {Yu, Albert and Mooney, Raymond J.},
  date = {2022-10-10},
  number = {arXiv:2210.04476},
  eprint = {2210.04476},
  eprinttype = {arxiv},
  primaryclass = {cs},
  publisher = {{arXiv}},
  doi = {10.48550/arXiv.2210.04476},
  url = {http://arxiv.org/abs/2210.04476},
  urldate = {2022-10-14},
  archiveprefix = {arXiv},
  keywords = {Computer Science - Computation and Language,Computer Science - Machine Learning,Computer Science - Robotics,I.2.6,I.2.7,I.2.9,notion}
}

@misc{zholus_iglu_2022,
  title = {{{IGLU Gridworld}}: {{Simple}} and {{Fast Environment}} for {{Embodied Dialog Agents}}},
  shorttitle = {{{IGLU Gridworld}}},
  author = {Zholus, Artem and Skrynnik, Alexey and Mohanty, Shrestha and Volovikova, Zoya and Kiseleva, Julia and Szlam, Artur and CotÃ©, Marc-Alexandre and Panov, Aleksandr I.},
  date = {2022-05-31},
  number = {arXiv:2206.00142},
  eprint = {2206.00142},
  eprinttype = {arxiv},
  primaryclass = {cs},
  publisher = {{arXiv}},
  doi = {10.48550/arXiv.2206.00142},
  url = {http://arxiv.org/abs/2206.00142},
  urldate = {2022-10-14},
  archiveprefix = {arXiv},
  keywords = {Computer Science - Artificial Intelligence,Computer Science - Computation and Language,Computer Science - Machine Learning}
}

@article{zhou_inverse_2021,
  title = {Inverse {{Reinforcement Learning}} with {{Natural Language Goals}}},
  author = {Zhou, Li and Small, Kevin},
  date = {2021-05-18},
  journaltitle = {Proceedings of the AAAI Conference on Artificial Intelligence},
  volume = {35},
  number = {12},
  pages = {11116--11124},
  issn = {2374-3468},
  doi = {10.1609/aaai.v35i12.17326},
  url = {https://ojs.aaai.org/index.php/AAAI/article/view/17326},
  urldate = {2022-11-09},
  issue = {12},
  langid = {english},
  keywords = {Language Grounding & Multi-modal NLP}
}

@inproceedings{ziebart_maximum_2008,
  title = {Maximum Entropy Inverse Reinforcement Learning},
  booktitle = {Proceedings of the 23rd National Conference on {{Artificial}} Intelligence - {{Volume}} 3},
  author = {Ziebart, Brian D. and Maas, Andrew and Bagnell, J. Andrew and Dey, Anind K.},
  date = {2008-07-13},
  series = {{{AAAI}}'08},
  pages = {1433--1438},
  publisher = {{AAAI Press}},
  location = {{Chicago, Illinois}},
  isbn = {978-1-57735-368-3},
  keywords = {notion}
}

