@inproceedings{abbeel_apprenticeship_2004,
  title = {Apprenticeship Learning via Inverse Reinforcement Learning},
  booktitle = {Proceedings of the Twenty-First International Conference on {{Machine}} Learning},
  author = {Abbeel, Pieter and Ng, Andrew Y.},
  year = {2004},
  month = jul,
  series = {{{ICML}} '04},
  pages = {1},
  publisher = {{Association for Computing Machinery}},
  address = {{New York, NY, USA}},
  doi = {10.1145/1015330.1015430},
  isbn = {978-1-58113-838-2},
  keywords = {notion}
}

@article{adams_survey_2022,
  title = {A Survey of Inverse Reinforcement Learning},
  author = {Adams, Stephen and Cody, Tyler and Beling, Peter A.},
  year = {2022},
  month = aug,
  journal = {Artificial Intelligence Review},
  volume = {55},
  number = {6},
  pages = {4307--4346},
  issn = {1573-7462},
  doi = {10.1007/s10462-021-10108-x},
  langid = {english},
  keywords = {Apprenticeship learning,Inverse optimal control,Inverse reinforcement learning,Learning from demonstration,notion,Reinforcement learning}
}

@misc{adaptive_agent_team_human-timescale_2023,
  title = {Human-{{Timescale Adaptation}} in an {{Open-Ended Task Space}}},
  author = {Adaptive Agent Team and Bauer, Jakob and Baumli, Kate and Baveja, Satinder and Behbahani, Feryal and Bhoopchand, Avishkar and {Bradley-Schmieg}, Nathalie and Chang, Michael and Clay, Natalie and Collister, Adrian and Dasagi, Vibhavari and Gonzalez, Lucy and Gregor, Karol and Hughes, Edward and Kashem, Sheleem and {Loks-Thompson}, Maria and Openshaw, Hannah and {Parker-Holder}, Jack and Pathak, Shreya and {Perez-Nieves}, Nicolas and Rakicevic, Nemanja and Rockt{\"a}schel, Tim and Schroecker, Yannick and Sygnowski, Jakub and Tuyls, Karl and York, Sarah and Zacherl, Alexander and Zhang, Lei},
  year = {2023},
  month = jan,
  number = {arXiv:2301.07608},
  eprint = {2301.07608},
  eprinttype = {arxiv},
  primaryclass = {cs},
  publisher = {{arXiv}},
  doi = {10.48550/arXiv.2301.07608},
  archiveprefix = {arXiv},
  keywords = {AdA,Computer Science - Artificial Intelligence,Computer Science - Machine Learning,Computer Science - Neural and Evolutionary Computing,env-adaptive agent capable of ICL,notion,skimmed}
}

@inproceedings{agarwal_reincarnating_2022,
  title = {Reincarnating {{Reinforcement Learning}}: {{Reusing Prior Computation}} to {{Accelerate Progress}}},
  shorttitle = {Reincarnating {{Reinforcement Learning}}},
  booktitle = {Advances in {{Neural Information Processing Systems}}},
  author = {Agarwal, Rishabh and Schwarzer, Max and Castro, Pablo Samuel and Courville, Aaron and Bellemare, Marc G.},
  year = {2022},
  month = oct,
  langid = {english}
}

@misc{ahn_as_2022,
  title = {Do {{As I Can}}, {{Not As I Say}}: {{Grounding Language}} in {{Robotic Affordances}}},
  shorttitle = {Do {{As I Can}}, {{Not As I Say}}},
  author = {Ahn, Michael and Brohan, Anthony and Brown, Noah and Chebotar, Yevgen and Cortes, Omar and David, Byron and Finn, Chelsea and Fu, Chuyuan and Gopalakrishnan, Keerthana and Hausman, Karol and Herzog, Alex and Ho, Daniel and Hsu, Jasmine and Ibarz, Julian and Ichter, Brian and Irpan, Alex and Jang, Eric and Ruano, Rosario Jauregui and Jeffrey, Kyle and Jesmonth, Sally and Joshi, Nikhil J. and Julian, Ryan and Kalashnikov, Dmitry and Kuang, Yuheng and Lee, Kuang-Huei and Levine, Sergey and Lu, Yao and Luu, Linda and Parada, Carolina and Pastor, Peter and Quiambao, Jornell and Rao, Kanishka and Rettinghouse, Jarek and Reyes, Diego and Sermanet, Pierre and Sievers, Nicolas and Tan, Clayton and Toshev, Alexander and Vanhoucke, Vincent and Xia, Fei and Xiao, Ted and Xu, Peng and Xu, Sichun and Yan, Mengyuan and Zeng, Andy},
  year = {2022},
  month = aug,
  number = {arXiv:2204.01691},
  eprint = {2204.01691},
  eprinttype = {arxiv},
  primaryclass = {cs},
  publisher = {{arXiv}},
  doi = {10.48550/arXiv.2204.01691},
  archiveprefix = {arXiv},
  keywords = {Computer Science - Computation and Language,Computer Science - Machine Learning,Computer Science - Robotics,notion,saycan,to read}
}

@inproceedings{akakzia_grounding_2022,
  title = {Grounding {{Language}} to {{Autonomously-Acquired Skills}} via {{Goal Generation}}},
  booktitle = {International {{Conference}} on {{Learning Representations}}},
  author = {Akakzia, Ahmed and Colas, C{\'e}dric and Oudeyer, Pierre-Yves and Chetouani, Mohamed and Sigaud, Olivier},
  year = {2022},
  month = feb,
  langid = {english},
  keywords = {notion,to read}
}

@inproceedings{alabdulkareem_goal_2015,
  title = {Goal and {{Preference Identification}} through Natural Language},
  booktitle = {2015 {{IEEE}} 23rd {{International Requirements Engineering Conference}} ({{RE}})},
  author = {Alabdulkareem, Fatima and Cercone, Nick and Liaskos, Sotirios},
  year = {2015},
  month = aug,
  pages = {56--65},
  issn = {2332-6441},
  doi = {10.1109/RE.2015.7320408},
  keywords = {Cognition,Context,decision analysis,Engines,goal modeling,natural language,Natural languages,notion,preference analysis,requirements engineering,Schedules,Semantics,Stakeholders,to read}
}

@misc{amin_towards_2016,
  title = {Towards {{Resolving Unidentifiability}} in {{Inverse Reinforcement Learning}}},
  author = {Amin, Kareem and Singh, Satinder},
  year = {2016},
  month = jan,
  number = {arXiv:1601.06569},
  eprint = {1601.06569},
  eprinttype = {arxiv},
  primaryclass = {cs},
  publisher = {{arXiv}},
  doi = {10.48550/arXiv.1601.06569},
  archiveprefix = {arXiv},
  keywords = {Computer Science - Artificial Intelligence,notion}
}

@inproceedings{anderson_vision-and-language_2018,
  title = {Vision-and-{{Language Navigation}}: {{Interpreting Visually-Grounded Navigation Instructions}} in {{Real Environments}}},
  shorttitle = {Vision-and-{{Language Navigation}}},
  booktitle = {Proceedings of the {{IEEE Conference}} on {{Computer Vision}} and {{Pattern Recognition}}},
  author = {Anderson, Peter and Wu, Qi and Teney, Damien and Bruce, Jake and Johnson, Mark and S{\"u}nderhauf, Niko and Reid, Ian and Gould, Stephen and {van den Hengel}, Anton},
  year = {2018},
  pages = {3674--3683}
}

@misc{bakker_fine-tuning_2022,
  title = {Fine-Tuning Language Models to Find Agreement among Humans with Diverse Preferences},
  author = {Bakker, Michiel A. and Chadwick, Martin J. and Sheahan, Hannah R. and Tessler, Michael Henry and {Campbell-Gillingham}, Lucy and Balaguer, Jan and McAleese, Nat and Glaese, Amelia and Aslanides, John and Botvinick, Matthew M. and Summerfield, Christopher},
  year = {2022},
  month = nov,
  number = {arXiv:2211.15006},
  eprint = {2211.15006},
  eprinttype = {arxiv},
  primaryclass = {cs},
  publisher = {{arXiv}},
  doi = {10.48550/arXiv.2211.15006},
  archiveprefix = {arXiv},
  keywords = {Computer Science - Computation and Language,Computer Science - Machine Learning,notion,to read}
}

@misc{bara_mindcraft_2021,
  title = {{{MindCraft}}: {{Theory}} of {{Mind Modeling}} for {{Situated Dialogue}} in {{Collaborative Tasks}}},
  shorttitle = {{{MindCraft}}},
  author = {Bara, Cristian-Paul and {CH-Wang}, Sky and Chai, Joyce},
  year = {2021},
  month = sep,
  number = {arXiv:2109.06275},
  eprint = {2109.06275},
  eprinttype = {arxiv},
  primaryclass = {cs},
  publisher = {{arXiv}},
  doi = {10.48550/arXiv.2109.06275},
  archiveprefix = {arXiv},
  keywords = {Computer Science - Artificial Intelligence,Computer Science - Computation and Language,Computer Science - Computer Vision and Pattern Recognition,Computer Science - Machine Learning,notion,to read}
}

@inproceedings{biyik_batch_2018,
  title = {Batch {{Active Preference-Based Learning}} of {{Reward Functions}}},
  booktitle = {Proceedings of {{The}} 2nd {{Conference}} on {{Robot Learning}}},
  author = {Biyik, Erdem and Sadigh, Dorsa},
  year = {2018},
  month = oct,
  pages = {519--528},
  publisher = {{PMLR}},
  issn = {2640-3498},
  langid = {english},
  keywords = {notion,to read}
}

@misc{brooks_-context_2022,
  title = {In-{{Context Policy Iteration}}},
  author = {Brooks, Ethan and Walls, Logan and Lewis, Richard L. and Singh, Satinder},
  year = {2022},
  month = oct,
  number = {arXiv:2210.03821},
  eprint = {2210.03821},
  eprinttype = {arxiv},
  primaryclass = {cs},
  publisher = {{arXiv}},
  doi = {10.48550/arXiv.2210.03821},
  archiveprefix = {arXiv},
  keywords = {Computer Science - Machine Learning,notion,to read}
}

@article{brown_language_2020,
  ids = {brownLanguageModelsAre2020a},
  title = {Language {{Models}} Are {{Few-Shot Learners}}},
  author = {Brown, Tom B. and Mann, Benjamin and Ryder, Nick and Subbiah, Melanie and Kaplan, Jared and Dhariwal, Prafulla and Neelakantan, Arvind and Shyam, Pranav and Sastry, Girish and Askell, Amanda and Agarwal, Sandhini and {Herbert-Voss}, Ariel and Krueger, Gretchen and Henighan, Tom and Child, Rewon and Ramesh, Aditya and Ziegler, Daniel M. and Wu, Jeffrey and Winter, Clemens and Hesse, Christopher and Chen, Mark and Sigler, Eric and Litwin, Mateusz and Gray, Scott and Chess, Benjamin and Clark, Jack and Berner, Christopher and McCandlish, Sam and Radford, Alec and Sutskever, Ilya and Amodei, Dario},
  year = {2020},
  month = jul,
  journal = {arXiv:2005.14165 [cs]},
  eprint = {2005.14165},
  eprinttype = {arxiv},
  primaryclass = {cs},
  archiveprefix = {arXiv},
  keywords = {Computer Science - Computation and Language,gpt,gpt-3,gpt3,notion}
}

@misc{chen_decision_2021,
  title = {Decision {{Transformer}}: {{Reinforcement Learning}} via {{Sequence Modeling}}},
  shorttitle = {Decision {{Transformer}}},
  author = {Chen, Lili and Lu, Kevin and Rajeswaran, Aravind and Lee, Kimin and Grover, Aditya and Laskin, Michael and Abbeel, Pieter and Srinivas, Aravind and Mordatch, Igor},
  year = {2021},
  month = jun,
  number = {arXiv:2106.01345},
  eprint = {2106.01345},
  eprinttype = {arxiv},
  primaryclass = {cs},
  publisher = {{arXiv}},
  doi = {10.48550/arXiv.2106.01345},
  archiveprefix = {arXiv},
  keywords = {Computer Science - Artificial Intelligence,Computer Science - Machine Learning,notion,to read}
}

@inproceedings{chevalier-boisvert_babyai_2022,
  title = {{{BabyAI}}: {{A Platform}} to {{Study}} the {{Sample Efficiency}} of {{Grounded Language Learning}}},
  shorttitle = {{{BabyAI}}},
  booktitle = {International {{Conference}} on {{Learning Representations}}},
  author = {{Chevalier-Boisvert}, Maxime and Bahdanau, Dzmitry and Lahlou, Salem and Willems, Lucas and Saharia, Chitwan and Nguyen, Thien Huu and Bengio, Yoshua},
  year = {2022},
  month = feb,
  langid = {english},
  keywords = {notion,to read}
}

@article{choi_inverse_2011,
  title = {Inverse {{Reinforcement Learning}} in {{Partially Observable Environments}}},
  author = {Choi, Jaedeug and Kim, Kee-Eung},
  year = {2011},
  journal = {Journal of Machine Learning Research},
  volume = {12},
  number = {21},
  pages = {691--730},
  issn = {1533-7928},
  keywords = {notion}
}

@inproceedings{choi_lmpriors_2022,
  title = {{{LMPriors}}: {{Pre-Trained Language Models}} as {{Task-Specific Priors}}},
  shorttitle = {{{LMPriors}}},
  booktitle = {{{NeurIPS}} 2022 {{Foundation Models}} for {{Decision Making Workshop}}},
  author = {Choi, Kristy and Cundy, Chris and Srivastava, Sanjari and Ermon, Stefano},
  year = {2022},
  month = nov,
  langid = {english},
  keywords = {notion,skimmed}
}

@inproceedings{christiano_deep_2017,
  title = {Deep {{Reinforcement Learning}} from {{Human Preferences}}},
  booktitle = {Advances in {{Neural Information Processing Systems}}},
  author = {Christiano, Paul F and Leike, Jan and Brown, Tom and Martic, Miljan and Legg, Shane and Amodei, Dario},
  year = {2017},
  volume = {30},
  publisher = {{Curran Associates, Inc.}},
  keywords = {notion,read}
}

@article{cideron_self-educated_2019,
  title = {Self-{{Educated Language Agent}} with {{Hindsight Experience Replay}} for {{Instruction Following}}},
  author = {Cideron, Geoffrey and Seurin, Mathieu and Strub, Florian and Pietquin, Olivier},
  year = {2019},
  month = dec,
  langid = {english},
  keywords = {notion,to read}
}

@inproceedings{de_haan_causal_2019,
  title = {Causal {{Confusion}} in {{Imitation Learning}}},
  booktitle = {Advances in {{Neural Information Processing Systems}}},
  author = {{de Haan}, Pim and Jayaraman, Dinesh and Levine, Sergey},
  year = {2019},
  volume = {32},
  publisher = {{Curran Associates, Inc.}},
  keywords = {notion,seminal causal confusion paper,skimmed,UvA}
}

@misc{deepmind_interactive_agents_team_creating_2022,
  title = {Creating {{Multimodal Interactive Agents}} with {{Imitation}} and {{Self-Supervised Learning}}},
  author = {DeepMind Interactive Agents Team and Abramson, Josh and Ahuja, Arun and Brussee, Arthur and Carnevale, Federico and Cassin, Mary and Fischer, Felix and Georgiev, Petko and Goldin, Alex and Gupta, Mansi and Harley, Tim and Hill, Felix and Humphreys, Peter C. and Hung, Alden and Landon, Jessica and Lillicrap, Timothy and Merzic, Hamza and Muldal, Alistair and Santoro, Adam and Scully, Guy and {von Glehn}, Tamara and Wayne, Greg and Wong, Nathaniel and Yan, Chen and Zhu, Rui},
  year = {2022},
  month = feb,
  number = {arXiv:2112.03763},
  eprint = {2112.03763},
  eprinttype = {arxiv},
  primaryclass = {cs},
  publisher = {{arXiv}},
  doi = {10.48550/arXiv.2112.03763},
  archiveprefix = {arXiv},
  keywords = {Computer Science - Machine Learning,DeepMind MIA,notion,read}
}

@misc{ding_robot_2022,
  title = {Robot {{Task Planning}} and {{Situation Handling}} in {{Open Worlds}}},
  author = {Ding, Yan and Zhang, Xiaohan and Amiri, Saeid and Cao, Nieqing and Yang, Hao and Esselink, Chad and Zhang, Shiqi},
  year = {2022},
  month = oct,
  number = {arXiv:2210.01287},
  eprint = {2210.01287},
  eprinttype = {arxiv},
  primaryclass = {cs},
  publisher = {{arXiv}},
  doi = {10.48550/arXiv.2210.01287},
  archiveprefix = {arXiv},
  keywords = {Computer Science - Artificial Intelligence,Computer Science - Robotics,notion,to read}
}

@article{dohan_language_2022,
  title = {Language {{Model Cascades}}},
  author = {Dohan, David and Xu, Winnie and Lewkowycz, Aitor and Austin, Jacob and Bieber, David and Lopes, Raphael Gontijo and Wu, Yuhuai and Michalewski, Henryk and Saurous, Rif A. and {Sohl-dickstein}, Jascha and Murphy, Kevin and Sutton, Charles},
  year = {2022},
  month = jul,
  doi = {10.48550/arXiv.2207.10342},
  langid = {english},
  keywords = {notion,read}
}

@inproceedings{dosovitskiy_image_2022,
  title = {An {{Image}} Is {{Worth}} 16x16 {{Words}}: {{Transformers}} for {{Image Recognition}} at {{Scale}}},
  shorttitle = {An {{Image}} Is {{Worth}} 16x16 {{Words}}},
  booktitle = {International {{Conference}} on {{Learning Representations}}},
  author = {Dosovitskiy, Alexey and Beyer, Lucas and Kolesnikov, Alexander and Weissenborn, Dirk and Zhai, Xiaohua and Unterthiner, Thomas and Dehghani, Mostafa and Minderer, Matthias and Heigold, Georg and Gelly, Sylvain and Uszkoreit, Jakob and Houlsby, Neil},
  year = {2022},
  month = mar,
  langid = {english}
}

@inproceedings{evans_learning_2015,
  title = {Learning the Preferences of Bounded Agents},
  author = {Evans, Owain and Stuhlmuller, Andreas and Goodman, Noah D.},
  year = {2015},
  keywords = {notion}
}

@inproceedings{evans_learning_2016,
  title = {Learning the Preferences of Ignorant, Inconsistent Agents},
  booktitle = {Proceedings of the {{Thirtieth AAAI Conference}} on {{Artificial Intelligence}}},
  author = {Evans, Owain and Stuhlm{\"u}ller, Andreas and Goodman, Noah D.},
  year = {2016},
  month = feb,
  series = {{{AAAI}}'16},
  pages = {323--329},
  publisher = {{AAAI Press}},
  address = {{Phoenix, Arizona}},
  keywords = {bayesian learning,cognitive biases,preference inference}
}

@inproceedings{fan_minedojo_2022,
  title = {{{MineDojo}}: {{Building Open-Ended Embodied Agents}} with {{Internet-Scale Knowledge}}},
  shorttitle = {{{MineDojo}}},
  booktitle = {Thirty-Sixth {{Conference}} on {{Neural Information Processing Systems Datasets}} and {{Benchmarks Track}}},
  author = {Fan, Linxi and Wang, Guanzhi and Jiang, Yunfan and Mandlekar, Ajay and Yang, Yuncong and Zhu, Haoyi and Tang, Andrew and Huang, De-An and Zhu, Yuke and Anandkumar, Anima},
  year = {2022},
  month = oct,
  langid = {english}
}

@article{farquhar_path-specific_2022,
  title = {Path-{{Specific Objectives}} for {{Safer Agent Incentives}}},
  author = {Farquhar, Sebastian and Carey, Ryan and Everitt, Tom},
  year = {2022},
  month = jun,
  journal = {Proceedings of the AAAI Conference on Artificial Intelligence},
  volume = {36},
  number = {9},
  pages = {9529--9538},
  issn = {2374-3468},
  doi = {10.1609/aaai.v36i9.21186},
  copyright = {Copyright (c) 2022 Association for the Advancement of Artificial Intelligence},
  langid = {english},
  keywords = {Humans And AI (HAI),incentive mismanagement,notion,skimmed,third consequence of causal confusion}
}

@misc{frans_powderworld_2022,
  title = {Powderworld: {{A Platform}} for {{Understanding Generalization}} via {{Rich Task Distributions}}},
  shorttitle = {Powderworld},
  author = {Frans, Kevin and Isola, Phillip},
  year = {2022},
  month = nov,
  number = {arXiv:2211.13051},
  eprint = {2211.13051},
  eprinttype = {arxiv},
  primaryclass = {cs},
  publisher = {{arXiv}},
  doi = {10.48550/arXiv.2211.13051},
  archiveprefix = {arXiv},
  keywords = {Computer Science - Artificial Intelligence,Computer Science - Machine Learning,notion,read}
}

@misc{gal_image_2022,
  title = {An {{Image}} Is {{Worth One Word}}: {{Personalizing Text-to-Image Generation}} Using {{Textual Inversion}}},
  shorttitle = {An {{Image}} Is {{Worth One Word}}},
  author = {Gal, Rinon and Alaluf, Yuval and Atzmon, Yuval and Patashnik, Or and Bermano, Amit H. and Chechik, Gal and {Cohen-Or}, Daniel},
  year = {2022},
  month = aug,
  number = {arXiv:2208.01618},
  eprint = {2208.01618},
  eprinttype = {arxiv},
  primaryclass = {cs},
  publisher = {{arXiv}},
  doi = {10.48550/arXiv.2208.01618},
  archiveprefix = {arXiv},
  keywords = {Computer Science - Computation and Language,Computer Science - Computer Vision and Pattern Recognition,Computer Science - Graphics,Computer Science - Machine Learning,notion,to read}
}

@inproceedings{goyal_using_2019,
  title = {Using {{Natural Language}} for {{Reward Shaping}} in {{Reinforcement Learning}}},
  booktitle = {Proceedings of the {{Twenty-Eighth International Joint Conference}} on {{Artificial Intelligence}}},
  author = {Goyal, Prasoon and Niekum, Scott and Mooney, Raymond J.},
  year = {2019},
  month = aug,
  pages = {2385--2391},
  publisher = {{International Joint Conferences on Artificial Intelligence Organization}},
  address = {{Macao, China}},
  doi = {10.24963/ijcai.2019/331},
  isbn = {978-0-9992411-4-1},
  langid = {english},
  keywords = {notion,to read}
}

@misc{gramopadhye_generating_2022,
  title = {Generating {{Executable Action Plans}} with {{Environmentally-Aware Language Models}}},
  author = {Gramopadhye, Maitrey and Szafir, Daniel},
  year = {2022},
  month = oct,
  number = {arXiv:2210.04964},
  eprint = {2210.04964},
  eprinttype = {arxiv},
  primaryclass = {cs},
  publisher = {{arXiv}},
  doi = {10.48550/arXiv.2210.04964},
  archiveprefix = {arXiv},
  keywords = {Computer Science - Artificial Intelligence,Computer Science - Computation and Language,Computer Science - Robotics,notion,to read}
}

@inproceedings{gupta_can_2022,
  title = {Can {{Active Sampling Reduce Causal Confusion}} in {{Offline Reinforcement Learning}}?},
  booktitle = {{{NeurIPS ML Safety Workshop}}},
  author = {Gupta, Gunshi and Rudner, Tim G. J. and McAllister, Rowan Thomas and Gaidon, Adrien and Gal, Yarin},
  year = {2022},
  month = dec,
  langid = {english},
  keywords = {skimmed}
}

@misc{hafner_mastering_2023,
  title = {Mastering {{Diverse Domains}} through {{World Models}}},
  author = {Hafner, Danijar and Pasukonis, Jurgis and Ba, Jimmy and Lillicrap, Timothy},
  year = {2023},
  month = jan,
  number = {arXiv:2301.04104},
  eprint = {2301.04104},
  eprinttype = {arxiv},
  primaryclass = {cs, stat},
  publisher = {{arXiv}},
  doi = {10.48550/arXiv.2301.04104},
  archiveprefix = {arXiv},
  keywords = {Computer Science - Artificial Intelligence,Computer Science - Machine Learning,dreamerv3: RL's ImageNet?,model-based,notion,skimmed,Statistics - Machine Learning}
}

@article{hayes_practical_2022,
  title = {A Practical Guide to Multi-Objective Reinforcement Learning and Planning},
  author = {Hayes, Conor F. and R{\u a}dulescu, Roxana and Bargiacchi, Eugenio and K{\"a}llstr{\"o}m, Johan and Macfarlane, Matthew and Reymond, Mathieu and Verstraeten, Timothy and Zintgraf, Luisa M. and Dazeley, Richard and Heintz, Fredrik and Howley, Enda and Irissappane, Athirai A. and Mannion, Patrick and Now{\'e}, Ann and Ramos, Gabriel and Restelli, Marcello and Vamplew, Peter and Roijers, Diederik M.},
  year = {2022},
  month = apr,
  journal = {Autonomous Agents and Multi-Agent Systems},
  volume = {36},
  number = {1},
  pages = {26},
  issn = {1573-7454},
  doi = {10.1007/s10458-022-09552-y},
  langid = {english},
  keywords = {Multi-objective decision making,Multi-objective multi-agent systems,Multi-objective planning,Multi-objective reinforcement learning,notion,read}
}

@misc{hendrycks_unsolved_2022,
  title = {Unsolved {{Problems}} in {{ML Safety}}},
  author = {Hendrycks, Dan and Carlini, Nicholas and Schulman, John and Steinhardt, Jacob},
  year = {2022},
  month = jun,
  number = {arXiv:2109.13916},
  eprint = {2109.13916},
  eprinttype = {arxiv},
  primaryclass = {cs},
  publisher = {{arXiv}},
  doi = {10.48550/arXiv.2109.13916},
  archiveprefix = {arXiv},
  keywords = {Computer Science - Artificial Intelligence,Computer Science - Computation and Language,Computer Science - Computer Vision and Pattern Recognition,Computer Science - Machine Learning,notion,read}
}

@misc{hertz_prompt--prompt_2022,
  title = {Prompt-to-{{Prompt Image Editing}} with {{Cross Attention Control}}},
  author = {Hertz, Amir and Mokady, Ron and Tenenbaum, Jay and Aberman, Kfir and Pritch, Yael and {Cohen-Or}, Daniel},
  year = {2022},
  month = aug,
  number = {arXiv:2208.01626},
  eprint = {2208.01626},
  eprinttype = {arxiv},
  primaryclass = {cs},
  publisher = {{arXiv}},
  doi = {10.48550/arXiv.2208.01626},
  archiveprefix = {arXiv},
  keywords = {Computer Science - Computation and Language,Computer Science - Computer Vision and Pattern Recognition,Computer Science - Graphics,Computer Science - Machine Learning,notion,read}
}

@misc{hilton_scaling_2023,
  ids = {hilton_scaling_2023-1},
  title = {Scaling Laws for Single-Agent Reinforcement Learning},
  author = {Hilton, Jacob and Tang, Jie and Schulman, John},
  year = {2023},
  month = jan,
  number = {arXiv:2301.13442},
  eprint = {2301.13442},
  eprinttype = {arxiv},
  primaryclass = {cs, stat},
  publisher = {{arXiv}},
  doi = {10.48550/arXiv.2301.13442},
  archiveprefix = {arXiv},
  keywords = {actual scaling laws in RL: model size; data; loss scale relations,Computer Science - Artificial Intelligence,Computer Science - Machine Learning,notion,Statistics - Machine Learning}
}

@inproceedings{ho_generative_2016,
  title = {Generative {{Adversarial Imitation Learning}}},
  booktitle = {Advances in {{Neural Information Processing Systems}}},
  author = {Ho, Jonathan and Ermon, Stefano},
  year = {2016},
  volume = {29},
  publisher = {{Curran Associates, Inc.}},
  keywords = {notion}
}

@misc{hubinger_risks_2021,
  title = {Risks from {{Learned Optimization}} in {{Advanced Machine Learning Systems}}},
  author = {Hubinger, Evan and {van Merwijk}, Chris and Mikulik, Vladimir and Skalse, Joar and Garrabrant, Scott},
  year = {2021},
  month = dec,
  number = {arXiv:1906.01820},
  eprint = {1906.01820},
  eprinttype = {arxiv},
  primaryclass = {cs},
  publisher = {{arXiv}},
  doi = {10.48550/arXiv.1906.01820},
  archiveprefix = {arXiv},
  keywords = {Computer Science - Artificial Intelligence}
}

@misc{humphreys_data-driven_2022,
  title = {A Data-Driven Approach for Learning to Control Computers},
  author = {Humphreys, Peter C. and Raposo, David and Pohlen, Toby and Thornton, Gregory and Chhaparia, Rachita and Muldal, Alistair and Abramson, Josh and Georgiev, Petko and Goldin, Alex and Santoro, Adam and Lillicrap, Timothy},
  year = {2022},
  month = feb,
  number = {arXiv:2202.08137},
  eprint = {2202.08137},
  eprinttype = {arxiv},
  primaryclass = {cs},
  publisher = {{arXiv}},
  doi = {10.48550/arXiv.2202.08137},
  archiveprefix = {arXiv},
  keywords = {Computer Science - Machine Learning,notion,to read}
}

@misc{hupkes_state---art_2022,
  title = {State-of-the-Art Generalisation Research in {{NLP}}: A Taxonomy and Review},
  shorttitle = {State-of-the-Art Generalisation Research in {{NLP}}},
  author = {Hupkes, Dieuwke and Giulianelli, Mario and Dankers, Verna and Artetxe, Mikel and Elazar, Yanai and Pimentel, Tiago and Christodoulopoulos, Christos and Lasri, Karim and Saphra, Naomi and Sinclair, Arabella and Ulmer, Dennis and Schottmann, Florian and Batsuren, Khuyagbaatar and Sun, Kaiser and Sinha, Koustuv and Khalatbari, Leila and Ryskina, Maria and Frieske, Rita and Cotterell, Ryan and Jin, Zhijing},
  year = {2022},
  month = oct,
  number = {arXiv:2210.03050},
  eprint = {2210.03050},
  eprinttype = {arxiv},
  primaryclass = {cs},
  publisher = {{arXiv}},
  doi = {10.48550/arXiv.2210.03050},
  archiveprefix = {arXiv},
  keywords = {Computer Science - Artificial Intelligence,Computer Science - Computation and Language}
}

@inproceedings{ibarz_reward_2018,
  title = {Reward Learning from Human Preferences and Demonstrations in {{Atari}}},
  booktitle = {Proceedings of the 32nd {{International Conference}} on {{Neural Information Processing Systems}}},
  author = {Ibarz, Borja and Leike, Jan and Pohlen, Tobias and Irving, Geoffrey and Legg, Shane and Amodei, Dario},
  year = {2018},
  month = dec,
  series = {{{NIPS}}'18},
  pages = {8022--8034},
  publisher = {{Curran Associates Inc.}},
  address = {{Red Hook, NY, USA}}
}

@inproceedings{jansen_visually-grounded_2020,
  title = {Visually-{{Grounded Planning}} without {{Vision}}: {{Language Models Infer Detailed Plans}} from {{High-level Instructions}}},
  shorttitle = {Visually-{{Grounded Planning}} without {{Vision}}},
  booktitle = {Findings of the {{Association}} for {{Computational Linguistics}}: {{EMNLP}} 2020},
  author = {Jansen, Peter},
  year = {2020},
  month = nov,
  pages = {4412--4417},
  publisher = {{Association for Computational Linguistics}},
  address = {{Online}},
  doi = {10.18653/v1/2020.findings-emnlp.395},
  keywords = {ALFRED,grounding without vision,not useful,notion,skimmed}
}

@misc{jiang_vima_2022,
  title = {{{VIMA}}: {{General Robot Manipulation}} with {{Multimodal Prompts}}},
  shorttitle = {{{VIMA}}},
  author = {Jiang, Yunfan and Gupta, Agrim and Zhang, Zichen and Wang, Guanzhi and Dou, Yongqiang and Chen, Yanjun and {Fei-Fei}, Li and Anandkumar, Anima and Zhu, Yuke and Fan, Linxi},
  year = {2022},
  month = oct,
  number = {arXiv:2210.03094},
  eprint = {2210.03094},
  eprinttype = {arxiv},
  primaryclass = {cs},
  publisher = {{arXiv}},
  doi = {10.48550/arXiv.2210.03094},
  archiveprefix = {arXiv},
  keywords = {Computer Science - Artificial Intelligence,Computer Science - Machine Learning,Computer Science - Robotics,notion,skimmed}
}

@misc{jiang_yunfan_vima_2022,
  title = {{{VIMA}}: {{General Robot Manipulation}} with {{Multimodal Prompts}}},
  shorttitle = {{{VIMA}}},
  author = {Jiang, Yunfan and Gupta, Agrim and Zhang, Zichen and Wang, Guanzhi and Dou, Yongqiang and Chen, Yanjun and {Li, Fei-Fei} and Anandkumar, Anima and Zhu, Yuke and Fan, Linxi},
  year = {2022},
  month = sep,
  publisher = {{Zenodo}},
  doi = {10.5281/ZENODO.7127587},
  copyright = {Creative Commons Attribution 4.0 International, Open Access}
}

@misc{kawar_imagic_2022,
  title = {Imagic: {{Text-Based Real Image Editing}} with {{Diffusion Models}}},
  shorttitle = {Imagic},
  author = {Kawar, Bahjat and Zada, Shiran and Lang, Oran and Tov, Omer and Chang, Huiwen and Dekel, Tali and Mosseri, Inbar and Irani, Michal},
  year = {2022},
  month = oct,
  number = {arXiv:2210.09276},
  eprint = {2210.09276},
  eprinttype = {arxiv},
  primaryclass = {cs},
  publisher = {{arXiv}},
  doi = {10.48550/arXiv.2210.09276},
  archiveprefix = {arXiv},
  keywords = {Computer Science - Computer Vision and Pattern Recognition,notion,to read}
}

@misc{khattab_demonstrate-search-predict_2022,
  title = {Demonstrate-{{Search-Predict}}: {{Composing}} Retrieval and Language Models for Knowledge-Intensive {{NLP}}},
  shorttitle = {Demonstrate-{{Search-Predict}}},
  author = {Khattab, Omar and Santhanam, Keshav and Li, Xiang Lisa and Hall, David and Liang, Percy and Potts, Christopher and Zaharia, Matei},
  year = {2022},
  month = dec,
  number = {arXiv:2212.14024},
  eprint = {2212.14024},
  eprinttype = {arxiv},
  primaryclass = {cs},
  publisher = {{arXiv}},
  doi = {10.48550/arXiv.2212.14024},
  archiveprefix = {arXiv},
  keywords = {Computer Science - Computation and Language,Computer Science - Information Retrieval,notion,to read}
}

@misc{kirk_causal_2022,
  title = {Causal Confusion as an Argument against the Scaling Hypothesis},
  author = {Kirk, Robert and Krueger, David},
  year = {2022},
  month = jun,
  journal = {The AI Alignment Forum},
  howpublished = {https://www.alignmentforum.org/posts/FZL4ftXvcuKmmobmj/causal-confusion-as-an-argument-against-the-scaling},
  langid = {english},
  keywords = {notion,read}
}

@misc{krakovna_penalizing_2019,
  title = {Penalizing Side Effects Using Stepwise Relative Reachability},
  author = {Krakovna, Victoria and Orseau, Laurent and Kumar, Ramana and Martic, Miljan and Legg, Shane},
  year = {2019},
  month = mar,
  number = {arXiv:1806.01186},
  eprint = {1806.01186},
  eprinttype = {arxiv},
  primaryclass = {cs, stat},
  publisher = {{arXiv}},
  doi = {10.48550/arXiv.1806.01186},
  archiveprefix = {arXiv},
  keywords = {Computer Science - Artificial Intelligence,Computer Science - Machine Learning,Statistics - Machine Learning}
}

@misc{krasheninnikov_combining_2021,
  title = {Combining {{Reward Information}} from {{Multiple Sources}}},
  author = {Krasheninnikov, Dmitrii and Shah, Rohin and {van Hoof}, Herke},
  year = {2021},
  month = mar,
  number = {arXiv:2103.12142},
  eprint = {2103.12142},
  eprinttype = {arxiv},
  primaryclass = {cs},
  publisher = {{arXiv}},
  doi = {10.48550/arXiv.2103.12142},
  archiveprefix = {arXiv},
  keywords = {Computer Science - Artificial Intelligence,Computer Science - Machine Learning,notion,read}
}

@inproceedings{krueger_out--distribution_2021,
  title = {Out-of-{{Distribution Generalization}} via {{Risk Extrapolation}} ({{REx}})},
  booktitle = {Proceedings of the 38th {{International Conference}} on {{Machine Learning}}},
  author = {Krueger, David and Caballero, Ethan and Jacobsen, Joern-Henrik and Zhang, Amy and Binas, Jonathan and Zhang, Dinghuai and Priol, Remi Le and Courville, Aaron},
  year = {2021},
  month = jul,
  pages = {5815--5826},
  publisher = {{PMLR}},
  issn = {2640-3498},
  langid = {english},
  keywords = {notion,remark 1 is why more data is not enough for CC,skimmed}
}

@inproceedings{kumar_using_2022,
  title = {Using Natural Language and Program Abstractions to Instill Human Inductive Biases in Machines},
  booktitle = {Advances in {{Neural Information Processing Systems}}},
  author = {Kumar, Sreejan and Correa, Carlos G. and Dasgupta, Ishita and Marjieh, Raja and Hu, Michael and Hawkins, Robert D. and Cohen, Jonathan and Daw, Nathaniel and Narasimhan, Karthik R. and Griffiths, Thomas L.},
  year = {2022},
  month = oct,
  langid = {english},
  keywords = {notion,read}
}

@inproceedings{lampinen_tell_2022,
  title = {Tell Me Why! {{Explanations}} Support Learning Relational and Causal Structure},
  booktitle = {Proceedings of the 39th {{International Conference}} on {{Machine Learning}}},
  author = {Lampinen, Andrew K. and Roy, Nicholas and Dasgupta, Ishita and Chan, Stephanie Cy and Tam, Allison and Mcclelland, James and Yan, Chen and Santoro, Adam and Rabinowitz, Neil C. and Wang, Jane and Hill, Felix},
  year = {2022},
  month = jun,
  pages = {11868--11890},
  publisher = {{PMLR}},
  issn = {2640-3498},
  langid = {english},
  keywords = {notion,read}
}

@inproceedings{lan_generalization_2022,
  title = {On the {{Generalization}} of {{Representations}} in {{Reinforcement Learning}}},
  booktitle = {Proceedings of {{The}} 25th {{International Conference}} on {{Artificial Intelligence}} and {{Statistics}}},
  author = {Lan, Charline Le and Tu, Stephen and Oberman, Adam and Agarwal, Rishabh and Bellemare, Marc G.},
  year = {2022},
  month = may,
  pages = {4132--4157},
  publisher = {{PMLR}},
  issn = {2640-3498},
  langid = {english},
  keywords = {notion,read}
}

@inproceedings{langosco_goal_2022,
  title = {Goal {{Misgeneralization}} in {{Deep Reinforcement Learning}}},
  booktitle = {Proceedings of the 39th {{International Conference}} on {{Machine Learning}}},
  author = {Langosco, Lauro Langosco Di and Koch, Jack and Sharkey, Lee D. and Pfau, Jacob and Krueger, David},
  year = {2022},
  month = jun,
  pages = {12004--12019},
  publisher = {{PMLR}},
  issn = {2640-3498},
  langid = {english},
  keywords = {notion,read}
}

@inproceedings{lee_pebble_2021,
  title = {{{PEBBLE}}: {{Feedback-Efficient Interactive Reinforcement Learning}} via {{Relabeling Experience}} and {{Unsupervised Pre-training}}},
  shorttitle = {{{PEBBLE}}},
  booktitle = {Proceedings of the 38th {{International Conference}} on {{Machine Learning}}},
  author = {Lee, Kimin and Smith, Laura M. and Abbeel, Pieter},
  year = {2021},
  month = jul,
  pages = {6152--6163},
  publisher = {{PMLR}},
  issn = {2640-3498},
  langid = {english},
  keywords = {continuation of RLHF,notion,read}
}

@misc{leike_ai_2017,
  title = {{{AI Safety Gridworlds}}},
  author = {Leike, Jan and Martic, Miljan and Krakovna, Victoria and Ortega, Pedro A. and Everitt, Tom and Lefrancq, Andrew and Orseau, Laurent and Legg, Shane},
  year = {2017},
  month = nov,
  number = {arXiv:1711.09883},
  eprint = {1711.09883},
  eprinttype = {arxiv},
  primaryclass = {cs},
  publisher = {{arXiv}},
  doi = {10.48550/arXiv.1711.09883},
  archiveprefix = {arXiv},
  keywords = {Computer Science - Artificial Intelligence,Computer Science - Machine Learning}
}

@misc{levine_offline_2020,
  title = {Offline {{Reinforcement Learning}}: {{Tutorial}}, {{Review}}, and {{Perspectives}} on {{Open Problems}}},
  shorttitle = {Offline {{Reinforcement Learning}}},
  author = {Levine, Sergey and Kumar, Aviral and Tucker, George and Fu, Justin},
  year = {2020},
  month = nov,
  number = {arXiv:2005.01643},
  eprint = {2005.01643},
  eprinttype = {arxiv},
  primaryclass = {cs, stat},
  publisher = {{arXiv}},
  doi = {10.48550/arXiv.2005.01643},
  archiveprefix = {arXiv},
  keywords = {Computer Science - Artificial Intelligence,Computer Science - Machine Learning,Statistics - Machine Learning}
}

@inproceedings{li_grounded_2022,
  title = {Grounded {{Language-Image Pre-training}}},
  booktitle = {2022 {{IEEE}}/{{CVF Conference}} on {{Computer Vision}} and {{Pattern Recognition}} ({{CVPR}})},
  author = {Li, Liunian Harold and Zhang, Pengchuan and Zhang, Haotian and Yang, Jianwei and Li, Chunyuan and Zhong, Yiwu and Wang, Lijuan and Yuan, Lu and Zhang, Lei and Hwang, Jenq-Neng and Chang, Kai-Wei and Gao, Jianfeng},
  year = {2022},
  month = jun,
  pages = {10955--10965},
  publisher = {{IEEE}},
  address = {{New Orleans, LA, USA}},
  doi = {10.1109/CVPR52688.2022.01069},
  isbn = {978-1-66546-946-3},
  langid = {english},
  keywords = {GLIP,notion,skimmed}
}

@inproceedings{lin_inferring_2022,
  title = {Inferring {{Rewards}} from {{Language}} in {{Context}}},
  booktitle = {Proceedings of the 60th {{Annual Meeting}} of the {{Association}} for {{Computational Linguistics}} ({{Volume}} 1: {{Long Papers}})},
  author = {Lin, Jessy and Fried, Daniel and Klein, Dan and Dragan, Anca},
  year = {2022},
  month = may,
  pages = {8546--8560},
  publisher = {{Association for Computational Linguistics}},
  address = {{Dublin, Ireland}},
  doi = {10.18653/v1/2022.acl-long.585},
  keywords = {d klein; colleague of j steinhardt,notion,read}
}

@misc{lindner_humans_2022,
  title = {Humans Are Not {{Boltzmann Distributions}}: {{Challenges}} and {{Opportunities}} for {{Modelling Human Feedback}} and {{Interaction}} in {{Reinforcement Learning}}},
  shorttitle = {Humans Are Not {{Boltzmann Distributions}}},
  author = {Lindner, David and {El-Assady}, Mennatallah},
  year = {2022},
  month = jun,
  number = {arXiv:2206.13316},
  eprint = {2206.13316},
  eprinttype = {arxiv},
  primaryclass = {cs, stat},
  publisher = {{arXiv}},
  doi = {10.48550/arXiv.2206.13316},
  archiveprefix = {arXiv},
  keywords = {Computer Science - Human-Computer Interaction,Computer Science - Machine Learning,notion,read,Statistics - Machine Learning}
}

@inproceedings{lindner_information_2021,
  title = {Information {{Directed Reward Learning}} for {{Reinforcement Learning}}},
  booktitle = {Advances in {{Neural Information Processing Systems}}},
  author = {Lindner, David and Turchetta, Matteo and Tschiatschek, Sebastian and Ciosek, Kamil and Krause, Andreas},
  year = {2021},
  volume = {34},
  pages = {3850--3862},
  publisher = {{Curran Associates, Inc.}},
  keywords = {david lindner,notion,RLHF + active learning,to read}
}

@inproceedings{lindner_interactively_2022,
  title = {Interactively {{Learning Preference Constraints}} in {{Linear Bandits}}},
  booktitle = {Proceedings of the 39th {{International Conference}} on {{Machine Learning}}},
  author = {Lindner, David and Tschiatschek, Sebastian and Hofmann, Katja and Krause, Andreas},
  year = {2022},
  month = jun,
  pages = {13505--13527},
  publisher = {{PMLR}},
  issn = {2640-3498},
  langid = {english},
  keywords = {david lindner,notion,to read}
}

@misc{liu_instruction-following_2022,
  title = {Instruction-{{Following Agents}} with {{Jointly Pre-Trained Vision-Language Models}}},
  author = {Liu, Hao and Lee, Lisa and Lee, Kimin and Abbeel, Pieter},
  year = {2022},
  month = oct,
  number = {arXiv:2210.13431},
  eprint = {2210.13431},
  eprinttype = {arxiv},
  primaryclass = {cs},
  publisher = {{arXiv}},
  doi = {10.48550/arXiv.2210.13431},
  archiveprefix = {arXiv},
  keywords = {Computer Science - Computer Vision and Pattern Recognition,Computer Science - Robotics,notion,to read}
}

@inproceedings{liu_reinforcement_2022,
  title = {Reinforcement {{Learning}} on {{Web Interfaces}} Using {{Workflow-Guided Exploration}}},
  booktitle = {International {{Conference}} on {{Learning Representations}}},
  author = {Liu, Evan Zheran and Guu, Kelvin and Pasupat, Panupong and Shi, Tianlin and Liang, Percy},
  year = {2022},
  month = feb,
  langid = {english}
}

@misc{lu_challenges_2022,
  title = {Challenges and {{Opportunities}} in {{Offline Reinforcement Learning}} from {{Visual Observations}}},
  author = {Lu, Cong and Ball, Philip J. and Rudner, Tim G. J. and {Parker-Holder}, Jack and Osborne, Michael A. and Teh, Yee Whye},
  year = {2022},
  month = aug,
  number = {arXiv:2206.04779},
  eprint = {2206.04779},
  eprinttype = {arxiv},
  primaryclass = {cs, stat},
  publisher = {{arXiv}},
  doi = {10.48550/arXiv.2206.04779},
  archiveprefix = {arXiv},
  keywords = {Computer Science - Artificial Intelligence,Computer Science - Computer Vision and Pattern Recognition,Computer Science - Machine Learning,Statistics - Machine Learning}
}

@misc{lu_neuro-symbolic_2022,
  title = {Neuro-{{Symbolic Procedural Planning}} with {{Commonsense Prompting}}},
  author = {Lu, Yujie and Feng, Weixi and Zhu, Wanrong and Xu, Wenda and Wang, Xin Eric and Eckstein, Miguel and Wang, William Yang},
  year = {2022},
  month = oct,
  number = {arXiv:2206.02928},
  eprint = {2206.02928},
  eprinttype = {arxiv},
  primaryclass = {cs},
  publisher = {{arXiv}},
  doi = {10.48550/arXiv.2206.02928},
  archiveprefix = {arXiv},
  keywords = {Computer Science - Artificial Intelligence,Computer Science - Computation and Language,Computer Science - Machine Learning,notion,to read}
}

@article{luketina_survey_2019,
  title = {A {{Survey}} of {{Reinforcement Learning Informed}} by {{Natural Language}}},
  author = {Luketina, Jelena and Nardelli, Nantas and Farquhar, Gregory and Foerster, Jakob and Andreas, Jacob and Grefenstette, Edward and Whiteson, Shimon and Rockt{\"a}schel, Tim},
  year = {2019},
  pages = {6309--6317},
  keywords = {notion,to read}
}

@misc{lynch_interactive_2022,
  ids = {lynch_interactive_2022-1},
  title = {Interactive {{Language}}: {{Talking}} to {{Robots}} in {{Real Time}}},
  shorttitle = {Interactive {{Language}}},
  author = {Lynch, Corey and Wahid, Ayzaan and Tompson, Jonathan and Ding, Tianli and Betker, James and Baruch, Robert and Armstrong, Travis and Florence, Pete},
  year = {2022},
  month = oct,
  number = {arXiv:2210.06407},
  eprint = {2210.06407},
  eprinttype = {arxiv},
  primaryclass = {cs},
  publisher = {{arXiv}},
  doi = {10.48550/arXiv.2210.06407},
  archiveprefix = {arXiv},
  keywords = {Computer Science - Artificial Intelligence,Computer Science - Machine Learning,Computer Science - Robotics,notion,to read}
}

@article{lynch_language_2021,
  title = {Language Conditioned Imitation Learning over Unstructured Data},
  author = {Lynch, Corey and Sermanet, Pierre},
  year = {2021},
  month = jul,
  journal = {Robotics: Science and Systems XVII},
  keywords = {notion,to read}
}

@misc{mancuso_detecting_2019,
  title = {Detecting {{Spiky Corruption}} in {{Markov Decision Processes}}},
  author = {Mancuso, Jason and Kisielewski, Tomasz and Lindner, David and Singh, Alok},
  year = {2019},
  month = jun,
  number = {arXiv:1907.00452},
  eprint = {1907.00452},
  eprinttype = {arxiv},
  primaryclass = {cs, stat},
  publisher = {{arXiv}},
  doi = {10.48550/arXiv.1907.00452},
  archiveprefix = {arXiv},
  keywords = {Computer Science - Machine Learning,david lindner,notion,Statistics - Machine Learning,to read}
}

@article{mees_calvin_2022,
  title = {{{CALVIN}}: {{A Benchmark}} for {{Language-Conditioned Policy Learning}} for {{Long-Horizon Robot Manipulation Tasks}}},
  shorttitle = {{{CALVIN}}},
  author = {Mees, Oier and Hermann, Lukas and {Rosete-Beas}, Erick and Burgard, Wolfram},
  year = {2022},
  month = jul,
  journal = {IEEE Robotics and Automation Letters},
  volume = {7},
  number = {3},
  pages = {7327--7334},
  issn = {2377-3766},
  doi = {10.1109/LRA.2022.3180108},
  keywords = {Benchmark testing,Cameras,Data sets for robot learning,Grippers,imitation learning,machine learning for robot control,natural dialog for HRI,notion,Robot sensing systems,Robot vision systems,Robots,Task analysis,to read}
}

@inproceedings{mobramaein_methodology_2019,
  title = {A Methodology for Designing Natural Language Interfaces for Procedural Content Generation},
  booktitle = {Proceedings of the 14th {{International Conference}} on the {{Foundations}} of {{Digital Games}}},
  author = {Mobramaein, Afshin and Whitehead, Jim},
  year = {2019},
  month = aug,
  series = {{{FDG}} '19},
  pages = {1--9},
  publisher = {{Association for Computing Machinery}},
  address = {{New York, NY, USA}},
  doi = {10.1145/3337722.3341860},
  isbn = {978-1-4503-7217-6},
  keywords = {design methodology,natural language interfaces,notion,procedural content generation,to read}
}

@inproceedings{ng_algorithms_2000,
  title = {Algorithms for {{Inverse Reinforcement Learning}}},
  booktitle = {In {{Proc}}. 17th {{International Conf}}. on {{Machine Learning}}},
  author = {Ng, Andrew Y. and Russell, Stuart},
  year = {2000},
  pages = {663--670},
  publisher = {{Morgan Kaufmann}},
  keywords = {notion}
}

@misc{ngo_alignment_2022,
  title = {The Alignment Problem from a Deep Learning Perspective},
  author = {Ngo, Richard and Chan, Lawrence and Mindermann, S{\"o}ren},
  year = {2022},
  month = dec,
  number = {arXiv:2209.00626},
  eprint = {2209.00626},
  eprinttype = {arxiv},
  primaryclass = {cs},
  publisher = {{arXiv}},
  doi = {10.48550/arXiv.2209.00626},
  archiveprefix = {arXiv},
  keywords = {Computer Science - Artificial Intelligence,Computer Science - Machine Learning,notion,read "internally represented goals",skimmed}
}

@misc{orseau_agents_2018,
  title = {Agents and {{Devices}}: {{A Relative Definition}} of {{Agency}}},
  shorttitle = {Agents and {{Devices}}},
  author = {Orseau, Laurent and McGill, Simon McGregor and Legg, Shane},
  year = {2018},
  month = may,
  number = {arXiv:1805.12387},
  eprint = {1805.12387},
  eprinttype = {arxiv},
  primaryclass = {cs, stat},
  publisher = {{arXiv}},
  doi = {10.48550/arXiv.1805.12387},
  archiveprefix = {arXiv},
  keywords = {Computer Science - Artificial Intelligence,Computer Science - Machine Learning,notion,Statistics - Machine Learning}
}

@article{osborne_survey_2022,
  title = {A {{Survey}} of {{Text Games}} for {{Reinforcement Learning Informed}} by {{Natural Language}}},
  author = {Osborne, Philip and N{\~o}mm, Heido and Freitas, Andr{\'e}},
  year = {2022},
  month = aug,
  journal = {Transactions of the Association for Computational Linguistics},
  volume = {10},
  pages = {873--887},
  issn = {2307-387X},
  doi = {10.1162/tacl_a_00495},
  keywords = {notion,to read}
}

@misc{ouyang_training_2022,
  title = {Training Language Models to Follow Instructions with Human Feedback},
  author = {Ouyang, Long and Wu, Jeff and Jiang, Xu and Almeida, Diogo and Wainwright, Carroll L. and Mishkin, Pamela and Zhang, Chong and Agarwal, Sandhini and Slama, Katarina and Ray, Alex and Schulman, John and Hilton, Jacob and Kelton, Fraser and Miller, Luke and Simens, Maddie and Askell, Amanda and Welinder, Peter and Christiano, Paul and Leike, Jan and Lowe, Ryan},
  year = {2022},
  month = mar,
  number = {arXiv:2203.02155},
  eprint = {2203.02155},
  eprinttype = {arxiv},
  primaryclass = {cs},
  publisher = {{arXiv}},
  doi = {10.48550/arXiv.2203.02155},
  archiveprefix = {arXiv},
  keywords = {Computer Science - Artificial Intelligence,Computer Science - Computation and Language,Computer Science - Machine Learning,instruct gpt,notion,read,to read}
}

@inproceedings{pan_effects_2022,
  title = {The {{Effects}} of {{Reward Misspecification}}: {{Mapping}} and {{Mitigating Misaligned Models}}},
  shorttitle = {The {{Effects}} of {{Reward Misspecification}}},
  booktitle = {International {{Conference}} on {{Learning Representations}}},
  author = {Pan, Alexander and Bhatia, Kush and Steinhardt, Jacob},
  year = {2022},
  month = feb,
  langid = {english},
  keywords = {read}
}

@misc{prudencio_survey_2022,
  title = {A {{Survey}} on {{Offline Reinforcement Learning}}: {{Taxonomy}}, {{Review}}, and {{Open Problems}}},
  shorttitle = {A {{Survey}} on {{Offline Reinforcement Learning}}},
  author = {Prudencio, Rafael Figueiredo and Maximo, Marcos R. O. A. and Colombini, Esther Luna},
  year = {2022},
  month = mar,
  number = {arXiv:2203.01387},
  eprint = {2203.01387},
  eprinttype = {arxiv},
  primaryclass = {cs, stat},
  publisher = {{arXiv}},
  doi = {10.48550/arXiv.2203.01387},
  archiveprefix = {arXiv},
  keywords = {Computer Science - Artificial Intelligence,Computer Science - Machine Learning,notion,Statistics - Machine Learning}
}

@misc{queeney_risk-averse_2023,
  title = {Risk-{{Averse Model Uncertainty}} for {{Distributionally Robust Safe Reinforcement Learning}}},
  author = {Queeney, James and Benosman, Mouhacine},
  year = {2023},
  month = jan,
  number = {arXiv:2301.12593},
  eprint = {2301.12593},
  eprinttype = {arxiv},
  primaryclass = {cs, stat},
  publisher = {{arXiv}},
  doi = {10.48550/arXiv.2301.12593},
  archiveprefix = {arXiv},
  keywords = {Computer Science - Artificial Intelligence,Computer Science - Machine Learning,notion,Statistics - Machine Learning,to read}
}

@inproceedings{radford_learning_2021,
  title = {Learning {{Transferable Visual Models From Natural Language Supervision}}},
  booktitle = {Proceedings of the 38th {{International Conference}} on {{Machine Learning}}},
  author = {Radford, Alec and Kim, Jong Wook and Hallacy, Chris and Ramesh, Aditya and Goh, Gabriel and Agarwal, Sandhini and Sastry, Girish and Askell, Amanda and Mishkin, Pamela and Clark, Jack and Krueger, Gretchen and Sutskever, Ilya},
  year = {2021},
  month = jul,
  pages = {8748--8763},
  publisher = {{PMLR}},
  issn = {2640-3498},
  langid = {english},
  keywords = {CLIP,notion,read}
}

@misc{ramesh_hierarchical_2022,
  title = {Hierarchical {{Text-Conditional Image Generation}} with {{CLIP Latents}}},
  author = {Ramesh, Aditya and Dhariwal, Prafulla and Nichol, Alex and Chu, Casey and Chen, Mark},
  year = {2022},
  month = apr,
  number = {arXiv:2204.06125},
  eprint = {2204.06125},
  eprinttype = {arxiv},
  primaryclass = {cs},
  publisher = {{arXiv}},
  doi = {10.48550/arXiv.2204.06125},
  archiveprefix = {arXiv},
  keywords = {Computer Science - Computer Vision and Pattern Recognition,notion}
}

@misc{reed_generalist_2022,
  title = {A {{Generalist Agent}}},
  author = {Reed, Scott and Zolna, Konrad and Parisotto, Emilio and Colmenarejo, Sergio Gomez and Novikov, Alexander and {Barth-Maron}, Gabriel and Gimenez, Mai and Sulsky, Yury and Kay, Jackie and Springenberg, Jost Tobias and Eccles, Tom and Bruce, Jake and Razavi, Ali and Edwards, Ashley and Heess, Nicolas and Chen, Yutian and Hadsell, Raia and Vinyals, Oriol and Bordbar, Mahyar and {de Freitas}, Nando},
  year = {2022},
  month = may,
  number = {arXiv:2205.06175},
  eprint = {2205.06175},
  eprinttype = {arxiv},
  primaryclass = {cs},
  publisher = {{arXiv}},
  doi = {10.48550/arXiv.2205.06175},
  archiveprefix = {arXiv},
  keywords = {Computer Science - Artificial Intelligence,Computer Science - Computation and Language,Computer Science - Machine Learning,Computer Science - Robotics,skimmed}
}

@misc{reynolds_prompt_2021,
  title = {Prompt {{Programming}} for {{Large Language Models}}: {{Beyond}} the {{Few-Shot Paradigm}}},
  shorttitle = {Prompt {{Programming}} for {{Large Language Models}}},
  author = {Reynolds, Laria and McDonell, Kyle},
  year = {2021},
  month = feb,
  number = {arXiv:2102.07350},
  eprint = {2102.07350},
  eprinttype = {arxiv},
  primaryclass = {cs},
  publisher = {{arXiv}},
  doi = {10.48550/arXiv.2102.07350},
  archiveprefix = {arXiv},
  keywords = {Computer Science - Artificial Intelligence,Computer Science - Computation and Language,notion,to read}
}

@misc{ringstrom_reward_2022,
  title = {Reward Is Not {{Necessary}}: {{How}} to {{Create}} a {{Compositional Self-Preserving Agent}} for {{Life-Long Learning}}},
  shorttitle = {Reward Is Not {{Necessary}}},
  author = {Ringstrom, Thomas J.},
  year = {2022},
  month = nov,
  number = {arXiv:2211.10851},
  eprint = {2211.10851},
  eprinttype = {arxiv},
  primaryclass = {cs},
  publisher = {{arXiv}},
  archiveprefix = {arXiv},
  keywords = {Computer Science - Artificial Intelligence,Computer Science - Machine Learning,notion}
}

@misc{rocamonde_using_2023,
  title = {Using Natural Language Instructions to Safely Steer {{RL}} Agents},
  author = {Rocamonde, Juan},
  year = {2023},
  publisher = {{Berkeley AI Safety Student Initiative}},
  langid = {english},
  keywords = {spar}
}

@article{roijers_survey_2013,
  title = {A {{Survey}} of {{Multi-Objective Sequential Decision-Making}}},
  author = {Roijers, D. M. and Vamplew, P. and Whiteson, S. and Dazeley, R.},
  year = {2013},
  month = oct,
  journal = {Journal of Artificial Intelligence Research},
  volume = {48},
  pages = {67--113},
  issn = {1076-9757},
  doi = {10.1613/jair.3987},
  copyright = {Copyright (c)},
  langid = {english},
  keywords = {notion,read}
}

@inproceedings{rombach_high-resolution_2022,
  title = {High-{{Resolution Image Synthesis With Latent Diffusion Models}}},
  booktitle = {Proceedings of the {{IEEE}}/{{CVF Conference}} on {{Computer Vision}} and {{Pattern Recognition}}},
  author = {Rombach, Robin and Blattmann, Andreas and Lorenz, Dominik and Esser, Patrick and Ommer, Bj{\"o}rn},
  year = {2022},
  pages = {10684--10695},
  langid = {english},
  keywords = {notion}
}

@misc{ruis_large_2022,
  title = {Large Language Models Are Not Zero-Shot Communicators},
  author = {Ruis, Laura and Khan, Akbir and Biderman, Stella and Hooker, Sara and Rockt{\"a}schel, Tim and Grefenstette, Edward},
  year = {2022},
  month = oct,
  number = {arXiv:2210.14986},
  eprint = {2210.14986},
  eprinttype = {arxiv},
  primaryclass = {cs},
  publisher = {{arXiv}},
  doi = {10.48550/arXiv.2210.14986},
  archiveprefix = {arXiv},
  keywords = {Computer Science - Computation and Language}
}

@book{sadigh_active_2017,
  title = {Active Preference-Based Learning of Reward Functions},
  author = {Sadigh, D. and Dragan, A. D. and Sastry, S. and Seshia, S. A.},
  year = {2017},
  doi = {10.15607/rss.2017.xiii.053},
  isbn = {978-0-9923747-3-0},
  langid = {english},
  keywords = {notion,to read}
}

@article{sanh_multitask_2022,
  title = {Multitask {{Prompted Training Enables Zero-Shot Task Generalization}}},
  author = {Sanh, Victor and Webson, Albert and Raffel, Colin and Bach, Stephen H. and Sutawika, Lintang and Alyafeai, Zaid and Chaffin, Antoine and Stiegler, Arnaud and Scao, Teven Le and Raja, Arun and Dey, Manan and Bari, M. Saiful and Xu, Canwen and Thakker, Urmish and Sharma, Shanya Sharma and Szczechla, Eliza and Kim, Taewoon and Chhablani, Gunjan and Nayak, Nihal and Datta, Debajyoti and Chang, Jonathan and Jiang, Mike Tian-Jian and Wang, Han and Manica, Matteo and Shen, Sheng and Yong, Zheng Xin and Pandey, Harshit and Bawden, Rachel and Wang, Thomas and Neeraj, Trishala and Rozen, Jos and Sharma, Abheesht and Santilli, Andrea and Fevry, Thibault and Fries, Jason Alan and Teehan, Ryan and Bers, Tali and Biderman, Stella and Gao, Leo and Wolf, Thomas and Rush, Alexander M.},
  year = {2022},
  month = mar,
  journal = {arXiv:2110.08207 [cs]},
  eprint = {2110.08207},
  eprinttype = {arxiv},
  primaryclass = {cs},
  archiveprefix = {arXiv},
  keywords = {Computer Science - Computation and Language,Computer Science - Machine Learning,notion,read,T0}
}

@misc{scheurer_training_2022,
  title = {Training {{Language Models}} with {{Language Feedback}}},
  author = {Scheurer, J{\'e}r{\'e}my and Campos, Jon Ander and Chan, Jun Shern and Chen, Angelica and Cho, Kyunghyun and Perez, Ethan},
  year = {2022},
  month = may,
  number = {arXiv:2204.14146},
  eprint = {2204.14146},
  eprinttype = {arxiv},
  primaryclass = {cs},
  publisher = {{arXiv}},
  doi = {10.48550/arXiv.2204.14146},
  archiveprefix = {arXiv},
  keywords = {Computer Science - Artificial Intelligence,Computer Science - Computation and Language,Computer Science - Machine Learning,ethan perez,notion,read,to read}
}

@article{shah_benefits_2021,
  title = {Benefits of {{Assistance}} over {{Reward Learning}}},
  author = {Shah, Rohin and Freire, Pedro and Alex, Neel and Freedman, Rachel and Krasheninnikov, Dmitrii and Chan, Lawrence and Dennis, Michael D. and Abbeel, Pieter and Dragan, Anca and Russell, Stuart},
  year = {2021},
  month = mar,
  langid = {english},
  keywords = {notion,to read}
}

@misc{shah_goal_2022,
  title = {Goal {{Misgeneralization}}: {{Why Correct Specifications Aren}}'t {{Enough For Correct Goals}}},
  shorttitle = {Goal {{Misgeneralization}}},
  author = {Shah, Rohin and Varma, Vikrant and Kumar, Ramana and Phuong, Mary and Krakovna, Victoria and Uesato, Jonathan and Kenton, Zac},
  year = {2022},
  month = nov,
  number = {arXiv:2210.01790},
  eprint = {2210.01790},
  eprinttype = {arxiv},
  primaryclass = {cs},
  publisher = {{arXiv}},
  doi = {10.48550/arXiv.2210.01790},
  archiveprefix = {arXiv},
  keywords = {Computer Science - Machine Learning,notion,read}
}

@misc{shah_preferences_2019,
  title = {Preferences {{Implicit}} in the {{State}} of the {{World}}},
  author = {Shah, Rohin and Krasheninnikov, Dmitrii and Alexander, Jordan and Abbeel, Pieter and Dragan, Anca},
  year = {2019},
  month = apr,
  number = {arXiv:1902.04198},
  eprint = {1902.04198},
  eprinttype = {arxiv},
  primaryclass = {cs, stat},
  publisher = {{arXiv}},
  doi = {10.48550/arXiv.1902.04198},
  archiveprefix = {arXiv},
  keywords = {Computer Science - Artificial Intelligence,Computer Science - Machine Learning,notion,Statistics - Machine Learning,to read}
}

@inproceedings{shridhar_alfred_2020,
  title = {{{ALFRED}}: {{A Benchmark}} for {{Interpreting Grounded Instructions}} for {{Everyday Tasks}}},
  shorttitle = {{{ALFRED}}},
  booktitle = {2020 {{IEEE}}/{{CVF Conference}} on {{Computer Vision}} and {{Pattern Recognition}} ({{CVPR}})},
  author = {Shridhar, Mohit and Thomason, Jesse and Gordon, Daniel and Bisk, Yonatan and Han, Winson and Mottaghi, Roozbeh and Zettlemoyer, Luke and Fox, Dieter},
  year = {2020},
  month = jun,
  pages = {10737--10746},
  issn = {2575-7075},
  doi = {10.1109/CVPR42600.2020.01075},
  keywords = {Benchmark testing,Natural languages,Navigation,Robots,Task analysis,Videos,Visualization}
}

@inproceedings{shridhar_cliport_2021,
  title = {{{CLIPort}}: {{What}} and {{Where Pathways}} for {{Robotic Manipulation}}},
  shorttitle = {{{CLIPort}}},
  booktitle = {5th {{Annual Conference}} on {{Robot Learning}}},
  author = {Shridhar, Mohit and Manuelli, Lucas and Fox, Dieter},
  year = {2021},
  month = nov,
  langid = {english},
  keywords = {notion,to read}
}

@inproceedings{shridhar_perceiver-actor_2022,
  title = {Perceiver-{{Actor}}: {{A Multi-Task Transformer}} for {{Robotic Manipulation}}},
  shorttitle = {Perceiver-{{Actor}}},
  booktitle = {6th {{Annual Conference}} on {{Robot Learning}}},
  author = {Shridhar, Mohit and Manuelli, Lucas and Fox, Dieter},
  year = {2022},
  month = sep,
  langid = {english},
  keywords = {notion,to read}
}

@misc{sigaud_towards_2022,
  title = {Towards {{Teachable Autotelic Agents}}},
  author = {Sigaud, Olivier and Akakzia, Ahmed and {Caselles-Dupr{\'e}}, Hugo and Colas, C{\'e}dric and Oudeyer, Pierre-Yves and Chetouani, Mohamed},
  year = {2022},
  month = feb,
  number = {arXiv:2105.11977},
  eprint = {2105.11977},
  eprinttype = {arxiv},
  primaryclass = {cs},
  publisher = {{arXiv}},
  doi = {10.48550/arXiv.2105.11977},
  archiveprefix = {arXiv},
  keywords = {Computer Science - Artificial Intelligence,Computer Science - Machine Learning,notion,to read}
}

@article{silver_reward_2021,
  title = {Reward Is Enough},
  author = {Silver, David and Singh, Satinder and Precup, Doina and Sutton, Richard S.},
  year = {2021},
  month = oct,
  journal = {Artificial Intelligence},
  volume = {299},
  pages = {103535},
  issn = {0004-3702},
  doi = {10.1016/j.artint.2021.103535},
  langid = {english},
  keywords = {Artificial general intelligence,Artificial intelligence,notion,read,Reinforcement learning,Reward}
}

@misc{skalse_defining_2022,
  title = {Defining and {{Characterizing Reward Hacking}}},
  author = {Skalse, Joar and Howe, Nikolaus H. R. and Krasheninnikov, Dmitrii and Krueger, David},
  year = {2022},
  month = sep,
  number = {arXiv:2209.13085},
  eprint = {2209.13085},
  eprinttype = {arxiv},
  primaryclass = {cs, stat},
  publisher = {{arXiv}},
  doi = {10.48550/arXiv.2209.13085},
  archiveprefix = {arXiv},
  keywords = {Computer Science - Machine Learning,notion,read,Statistics - Machine Learning}
}

@misc{steinhardt_ai_2019,
  title = {{{AI Alignment Research Overview}} [{{Oct}} 2019]},
  author = {Steinhardt, Jacob},
  year = {2019},
  month = oct,
  journal = {Google Docs},
  howpublished = {https://docs.google.com/document/d/1FbTuRvC4TFWzGYerTKpBU7FJlyvjeOvVYF2uYNFSlOc/edit?usp=sharing\&usp=embed\_facebook},
  langid = {english},
  keywords = {notion,read}
}

@misc{sumers_distilling_2023,
  title = {Distilling {{Internet-Scale Vision-Language Models}} into {{Embodied Agents}}},
  author = {Sumers, Theodore and Marino, Kenneth and Ahuja, Arun and Fergus, Rob and Dasgupta, Ishita},
  year = {2023},
  month = jan,
  number = {arXiv:2301.12507},
  eprint = {2301.12507},
  eprinttype = {arxiv},
  primaryclass = {cs},
  publisher = {{arXiv}},
  doi = {10.48550/arXiv.2301.12507},
  archiveprefix = {arXiv},
  keywords = {Computer Science - Artificial Intelligence,notion,skimmed,sumers}
}

@inproceedings{sumers_how_2022,
  title = {How to Talk so {{AI}} Will Learn: Instructions, Descriptions, and Pragmatics},
  shorttitle = {How to Talk so {{AI}} Will Learn},
  booktitle = {Second {{Workshop}} on {{Language}} and {{Reinforcement Learning}}},
  author = {Sumers, Theodore and Hawkins, Robert D. and Ho, Mark K. and Griffiths, Thomas L. and {Hadfield-Menell}, Dylan},
  year = {2022},
  month = oct,
  langid = {english},
  keywords = {notion,read}
}

@article{sumers_learning_2021,
  title = {Learning {{Rewards From Linguistic Feedback}}},
  author = {Sumers, Theodore R. and Ho, Mark K. and Hawkins, Robert D. and Narasimhan, Karthik and Griffiths, Thomas L.},
  year = {2021},
  month = may,
  journal = {Proceedings of the AAAI Conference on Artificial Intelligence},
  volume = {35},
  number = {7},
  pages = {6002--6010},
  issn = {2374-3468},
  doi = {10.1609/aaai.v35i7.16749},
  copyright = {Copyright (c) 2021 Association for the Advancement of Artificial Intelligence},
  langid = {english},
  keywords = {notion,read,Social Cognition And Interaction}
}

@misc{tam_semantic_2022,
  title = {Semantic {{Exploration}} from {{Language Abstractions}} and {{Pretrained Representations}}},
  author = {Tam, Allison C. and Rabinowitz, Neil C. and Lampinen, Andrew K. and Roy, Nicholas A. and Chan, Stephanie C. Y. and Strouse, D. J. and Wang, Jane X. and Banino, Andrea and Hill, Felix},
  year = {2022},
  month = may,
  number = {arXiv:2204.05080},
  eprint = {2204.05080},
  eprinttype = {arxiv},
  primaryclass = {cs},
  publisher = {{arXiv}},
  doi = {10.48550/arXiv.2204.05080},
  archiveprefix = {arXiv},
  keywords = {Computer Science - Artificial Intelligence,Computer Science - Machine Learning,notion,to read,useful further reading from tell me why lampinen}
}

@misc{tevet_human_2022,
  title = {Human {{Motion Diffusion Model}}},
  author = {Tevet, Guy and Raab, Sigal and Gordon, Brian and Shafir, Yonatan and {Cohen-Or}, Daniel and Bermano, Amit H.},
  year = {2022},
  month = oct,
  number = {arXiv:2209.14916},
  eprint = {2209.14916},
  eprinttype = {arxiv},
  primaryclass = {cs},
  publisher = {{arXiv}},
  doi = {10.48550/arXiv.2209.14916},
  archiveprefix = {arXiv},
  keywords = {Computer Science - Computer Vision and Pattern Recognition,Computer Science - Graphics,notion,read}
}

@inproceedings{tien_study_2022,
  title = {A {{Study}} of {{Causal Confusion}} in {{Preference-Based Reward Learning}}},
  booktitle = {{{ICML}} 2022: {{Workshop}} on {{Spurious Correlations}}, {{Invariance}} and {{Stability}}},
  author = {Tien, Jeremy and He, Jerry Zhi-Yang and Erickson, Zackory and Dragan, Anca and Brown, Daniel S.},
  year = {2022},
  month = jul,
  langid = {english},
  keywords = {notion,read}
}

@inproceedings{tomlin_understanding_2022,
  title = {Understanding {{Game-Playing Agents}} with {{Natural Language Annotations}}},
  booktitle = {Proceedings of the 60th {{Annual Meeting}} of the {{Association}} for {{Computational Linguistics}} ({{Volume}} 2: {{Short Papers}})},
  author = {Tomlin, Nicholas and He, Andre and Klein, Dan},
  year = {2022},
  month = may,
  pages = {797--807},
  publisher = {{Association for Computational Linguistics}},
  address = {{Dublin, Ireland}},
  doi = {10.18653/v1/2022.acl-short.90},
  keywords = {d klein; colleague of j steinhardt,notion,read}
}

@inproceedings{turner_optimal_2022,
  title = {Optimal {{Policies Tend To Seek Power}}},
  booktitle = {Advances in {{Neural Information Processing Systems}}},
  author = {Turner, Alexander Matt and Smith, Logan Riggs and Shah, Rohin and Critch, Andrew and Tadepalli, Prasad},
  year = {2022},
  month = jan,
  langid = {english},
  keywords = {read}
}

@article{vamplew_scalar_2022,
  title = {Scalar Reward Is Not Enough: A Response to {{Silver}}, {{Singh}}, {{Precup}} and {{Sutton}} (2021)},
  shorttitle = {Scalar Reward Is Not Enough},
  author = {Vamplew, Peter and Smith, Benjamin J. and K{\"a}llstr{\"o}m, Johan and Ramos, Gabriel and R{\u a}dulescu, Roxana and Roijers, Diederik M. and Hayes, Conor F. and Heintz, Fredrik and Mannion, Patrick and Libin, Pieter J. K. and Dazeley, Richard and Foale, Cameron},
  year = {2022},
  month = jul,
  journal = {Autonomous Agents and Multi-Agent Systems},
  volume = {36},
  number = {2},
  pages = {41},
  issn = {1573-7454},
  doi = {10.1007/s10458-022-09575-5},
  langid = {english},
  keywords = {Artificial general intelligence,Multi-objective decision making,Multi-objective reinforcement learning,notion,read,Reinforcement learning,Safe and ethical AI,Scalar rewards,Vector rewards}
}

@article{vaswani_attention_2017,
  ids = {vaswaniAttentionAllYou2017,vaswaniAttentionAllYou2017b},
  title = {Attention {{Is All You Need}}},
  author = {Vaswani, Ashish and Shazeer, Noam and Parmar, Niki and Uszkoreit, Jakob and Jones, Llion and Gomez, Aidan N. and Kaiser, Lukasz and Polosukhin, Illia},
  year = {2017},
  month = dec,
  journal = {arXiv:1706.03762 [cs]},
  eprint = {1706.03762},
  eprinttype = {arxiv},
  primaryclass = {cs},
  archiveprefix = {arXiv},
  keywords = {Computer Science - Computation and Language,Computer Science - Machine Learning,notion}
}

@inproceedings{watkins_teachable_2021,
  title = {Teachable {{Reinforcement Learning}} via {{Advice Distillation}}},
  booktitle = {Advances in {{Neural Information Processing Systems}}},
  author = {Watkins, Olivia and Gupta, Abhishek and Darrell, Trevor and Abbeel, Pieter and Andreas, Jacob},
  year = {2021},
  volume = {34},
  pages = {6920--6933},
  publisher = {{Curran Associates, Inc.}},
  keywords = {notion,read}
}

@inproceedings{wu_ai_2022,
  title = {{{AI Chains}}: {{Transparent}} and {{Controllable Human-AI Interaction}} by {{Chaining Large Language Model Prompts}}},
  shorttitle = {{{AI Chains}}},
  booktitle = {Proceedings of the 2022 {{CHI Conference}} on {{Human Factors}} in {{Computing Systems}}},
  author = {Wu, Tongshuang and Terry, Michael and Cai, Carrie Jun},
  year = {2022},
  month = apr,
  series = {{{CHI}} '22},
  pages = {1--22},
  publisher = {{Association for Computing Machinery}},
  address = {{New York, NY, USA}},
  doi = {10.1145/3491102.3517582},
  isbn = {978-1-4503-9157-3},
  keywords = {Human-AI Interaction,Large Language Models,Natural Language Processing,notion,to read}
}

@inproceedings{yang_safe_2021,
  title = {Safe {{Reinforcement Learning}} with {{Natural Language Constraints}}},
  booktitle = {Advances in {{Neural Information Processing Systems}}},
  author = {Yang, Tsung-Yen and Hu, Michael Y and Chow, Yinlam and Ramadge, Peter J and Narasimhan, Karthik},
  year = {2021},
  volume = {34},
  pages = {13794--13808},
  publisher = {{Curran Associates, Inc.}},
  keywords = {notion,suggested by lindner via email,to read}
}

@misc{yu_using_2022,
  title = {Using {{Both Demonstrations}} and {{Language Instructions}} to {{Efficiently Learn Robotic Tasks}}},
  author = {Yu, Albert and Mooney, Raymond J.},
  year = {2022},
  month = oct,
  number = {arXiv:2210.04476},
  eprint = {2210.04476},
  eprinttype = {arxiv},
  primaryclass = {cs},
  publisher = {{arXiv}},
  doi = {10.48550/arXiv.2210.04476},
  archiveprefix = {arXiv},
  keywords = {Computer Science - Computation and Language,Computer Science - Machine Learning,Computer Science - Robotics,I.2.6,I.2.7,I.2.9,notion,to read}
}

@inproceedings{zhang_glipv2_2022,
  title = {{{GLIPv2}}: {{Unifying Localization}} and {{Vision-Language Understanding}}},
  shorttitle = {{{GLIPv2}}},
  booktitle = {Advances in {{Neural Information Processing Systems}}},
  author = {Zhang, Haotian and Zhang, Pengchuan and Hu, Xiaowei and Chen, Yen-Chun and Li, Liunian Harold and Dai, Xiyang and Wang, Lijuan and Yuan, Lu and Hwang, Jenq-Neng and Gao, Jianfeng},
  year = {2022},
  month = oct,
  langid = {english},
  keywords = {notion,skimmed,to read}
}

@inproceedings{zhang_lad_2022,
  title = {{{LAD}}: {{Language Augmented Diffusion}} for {{Reinforcement Learning}}},
  shorttitle = {{{LAD}}},
  booktitle = {Second {{Workshop}} on {{Language}} and {{Reinforcement Learning}}},
  author = {Zhang, Edwin and Lu, Yujie and Wang, William Yang and Zhang, Amy},
  year = {2022},
  month = nov,
  langid = {english},
  keywords = {notion,read}
}

@misc{zholus_iglu_2022,
  title = {{{IGLU Gridworld}}: {{Simple}} and {{Fast Environment}} for {{Embodied Dialog Agents}}},
  shorttitle = {{{IGLU Gridworld}}},
  author = {Zholus, Artem and Skrynnik, Alexey and Mohanty, Shrestha and Volovikova, Zoya and Kiseleva, Julia and Szlam, Artur and Cot{\'e}, Marc-Alexandre and Panov, Aleksandr I.},
  year = {2022},
  month = may,
  number = {arXiv:2206.00142},
  eprint = {2206.00142},
  eprinttype = {arxiv},
  primaryclass = {cs},
  publisher = {{arXiv}},
  doi = {10.48550/arXiv.2206.00142},
  archiveprefix = {arXiv},
  keywords = {Computer Science - Artificial Intelligence,Computer Science - Computation and Language,Computer Science - Machine Learning}
}

@inproceedings{zhong_rtfm_2020,
  title = {{{RTFM}}: {{Generalising}} to {{New Environment Dynamics}} via {{Reading}}},
  shorttitle = {{{RTFM}}},
  booktitle = {International {{Conference}} on {{Learning Representations}}},
  author = {Zhong, Victor and Rockt{\"a}schel, Tim and Grefenstette, Edward},
  year = {2020},
  month = mar,
  langid = {english},
  keywords = {notion,suggested by lampinen via email,to read}
}

@article{zhou_inverse_2021,
  title = {Inverse {{Reinforcement Learning}} with {{Natural Language Goals}}},
  author = {Zhou, Li and Small, Kevin},
  year = {2021},
  month = may,
  journal = {Proceedings of the AAAI Conference on Artificial Intelligence},
  volume = {35},
  number = {12},
  pages = {11116--11124},
  issn = {2374-3468},
  doi = {10.1609/aaai.v35i12.17326},
  copyright = {Copyright (c) 2021 Association for the Advancement of Artificial Intelligence},
  langid = {english},
  keywords = {Language Grounding \& Multi-modal NLP,read}
}

@inproceedings{ziebart_maximum_2008,
  title = {Maximum Entropy Inverse Reinforcement Learning},
  booktitle = {Proceedings of the 23rd National Conference on {{Artificial}} Intelligence - {{Volume}} 3},
  author = {Ziebart, Brian D. and Maas, Andrew and Bagnell, J. Andrew and Dey, Anind K.},
  year = {2008},
  month = jul,
  series = {{{AAAI}}'08},
  pages = {1433--1438},
  publisher = {{AAAI Press}},
  address = {{Chicago, Illinois}},
  isbn = {978-1-57735-368-3},
  keywords = {notion}
}
