@inproceedings{abbeel_apprenticeship_2004,
  title = {Apprenticeship Learning via Inverse Reinforcement Learning},
  booktitle = {Proceedings of the Twenty-First International Conference on {{Machine}} Learning},
  author = {Abbeel, Pieter and Ng, Andrew Y.},
  year = {2004},
  month = jul,
  series = {{{ICML}} '04},
  pages = {1},
  publisher = {{Association for Computing Machinery}},
  address = {{New York, NY, USA}},
  doi = {10.1145/1015330.1015430},
  url = {https://doi.org/10.1145/1015330.1015430},
  urldate = {2022-09-08},
  isbn = {978-1-58113-838-2},
  keywords = {notion}
}

@article{adams_survey_2022,
  title = {A Survey of Inverse Reinforcement Learning},
  author = {Adams, Stephen and Cody, Tyler and Beling, Peter A.},
  year = {2022},
  month = aug,
  journal = {Artificial Intelligence Review},
  volume = {55},
  number = {6},
  pages = {4307--4346},
  issn = {1573-7462},
  doi = {10.1007/s10462-021-10108-x},
  url = {https://doi.org/10.1007/s10462-021-10108-x},
  urldate = {2022-08-19},
  langid = {english},
  keywords = {Apprenticeship learning,Inverse optimal control,Inverse reinforcement learning,Learning from demonstration,notion,Reinforcement learning}
}

@misc{adaptive_agent_team_human-timescale_2023,
  title = {Human-{{Timescale Adaptation}} in an {{Open-Ended Task Space}}},
  author = {Adaptive Agent Team and Bauer, Jakob and Baumli, Kate and Baveja, Satinder and Behbahani, Feryal and Bhoopchand, Avishkar and {Bradley-Schmieg}, Nathalie and Chang, Michael and Clay, Natalie and Collister, Adrian and Dasagi, Vibhavari and Gonzalez, Lucy and Gregor, Karol and Hughes, Edward and Kashem, Sheleem and {Loks-Thompson}, Maria and Openshaw, Hannah and {Parker-Holder}, Jack and Pathak, Shreya and {Perez-Nieves}, Nicolas and Rakicevic, Nemanja and Rockt{\"a}schel, Tim and Schroecker, Yannick and Sygnowski, Jakub and Tuyls, Karl and York, Sarah and Zacherl, Alexander and Zhang, Lei},
  year = {2023},
  month = jan,
  number = {arXiv:2301.07608},
  eprint = {2301.07608},
  primaryclass = {cs},
  publisher = {{arXiv}},
  doi = {10.48550/arXiv.2301.07608},
  url = {http://arxiv.org/abs/2301.07608},
  urldate = {2023-02-07},
  archiveprefix = {arxiv},
  keywords = {AdA,Computer Science - Artificial Intelligence,Computer Science - Machine Learning,Computer Science - Neural and Evolutionary Computing,env-adaptive agent capable of ICL,notion,skimmed}
}

@inproceedings{agarwal_reincarnating_2022,
  title = {Reincarnating {{Reinforcement Learning}}: {{Reusing Prior Computation}} to {{Accelerate Progress}}},
  shorttitle = {Reincarnating {{Reinforcement Learning}}},
  booktitle = {Advances in {{Neural Information Processing Systems}}},
  author = {Agarwal, Rishabh and Schwarzer, Max and Castro, Pablo Samuel and Courville, Aaron and Bellemare, Marc G.},
  year = {2022},
  month = oct,
  url = {https://openreview.net/forum?id=t3X5yMI_4G2},
  urldate = {2022-11-28},
  langid = {english}
}

@inproceedings{ahn_as_2022,
  title = {Do {{As I Can}}, {{Not As I Say}}: {{Grounding Language}} in {{Robotic Affordances}}},
  shorttitle = {Do {{As I Can}}, {{Not As I Say}}},
  booktitle = {6th {{Annual Conference}} on {{Robot Learning}}},
  author = {Ahn, Michael and Ichter, Brian and Brohan, Anthony and Chebotar, Yevgen and Finn, Chelsea and Hausman, Karol and Herzog, Alexander and Ho, Daniel and Ibarz, Julian and Irpan, Alex and Jang, Eric and Julian, Ryan and Kalashnikov, Dmitry and Levine, Sergey and Lu, Yao and Parada, Carolina and Rao, Kanishka and Sermanet, Pierre and Toshev, Alexander T. and Vanhoucke, Vincent and Xia, Fei and Xiao, Ted and Xu, Peng and Yan, Mengyuan and Brown, Noah and Cortes, Omar and Sievers, Nicolas and Tan, Clayton and Xu, Sichun and Reyes, Diego and Rettinghouse, Jarek and Quiambao, Jornell and Pastor, Peter and Luu, Linda and Lee, Kuang-Huei and Kuang, Yuheng and Jesmonth, Sally and Jeffrey, Kyle and Ruano, Rosario Jauregui and Hsu, Jasmine and Gopalakrishnan, Keerthana and David, Byron and Zeng, Andy and Fu, Chuyuan Kelly},
  year = {2022},
  month = nov,
  url = {https://openreview.net/forum?id=bdHkMjBJG_w},
  urldate = {2023-03-07},
  langid = {english},
  keywords = {notion,saycan}
}

@inproceedings{akakzia_grounding_2022,
  title = {Grounding {{Language}} to {{Autonomously-Acquired Skills}} via {{Goal Generation}}},
  booktitle = {International {{Conference}} on {{Learning Representations}}},
  author = {Akakzia, Ahmed and Colas, C{\'e}dric and Oudeyer, Pierre-Yves and Chetouani, Mohamed and Sigaud, Olivier},
  year = {2022},
  month = feb,
  url = {https://openreview.net/forum?id=chPj_I5KMHG},
  urldate = {2022-11-21},
  langid = {english},
  keywords = {notion,read,sigaud}
}

@inproceedings{alabdulkareem_goal_2015,
  title = {Goal and {{Preference Identification}} through Natural Language},
  booktitle = {2015 {{IEEE}} 23rd {{International Requirements Engineering Conference}} ({{RE}})},
  author = {Alabdulkareem, Fatima and Cercone, Nick and Liaskos, Sotirios},
  year = {2015},
  month = aug,
  pages = {56--65},
  issn = {2332-6441},
  doi = {10.1109/RE.2015.7320408},
  keywords = {Cognition,Context,decision analysis,Engines,goal modeling,natural language,Natural languages,notion,preference analysis,requirements engineering,Schedules,Semantics,Stakeholders,to read}
}

@inproceedings{alayrac_flamingo_2022,
  title = {Flamingo: A {{Visual Language Model}} for {{Few-Shot Learning}}},
  shorttitle = {Flamingo},
  booktitle = {Advances in {{Neural Information Processing Systems}}},
  author = {Alayrac, Jean-Baptiste and Donahue, Jeff and Luc, Pauline and Miech, Antoine and Barr, Iain and Hasson, Yana and Lenc, Karel and Mensch, Arthur and Millican, Katherine and Reynolds, Malcolm and Ring, Roman and Rutherford, Eliza and Cabi, Serkan and Han, Tengda and Gong, Zhitao and Samangooei, Sina and Monteiro, Marianne and Menick, Jacob and Borgeaud, Sebastian and Brock, Andrew and Nematzadeh, Aida and Sharifzadeh, Sahand and Binkowski, Mikolaj and Barreira, Ricardo and Vinyals, Oriol and Zisserman, Andrew and Simonyan, Karen},
  year = {2022},
  month = oct,
  url = {https://openreview.net/forum?id=EbMuimAbPbs},
  urldate = {2023-03-03},
  langid = {english}
}

@misc{amin_towards_2016,
  title = {Towards {{Resolving Unidentifiability}} in {{Inverse Reinforcement Learning}}},
  author = {Amin, Kareem and Singh, Satinder},
  year = {2016},
  month = jan,
  number = {arXiv:1601.06569},
  eprint = {1601.06569},
  primaryclass = {cs},
  publisher = {{arXiv}},
  doi = {10.48550/arXiv.1601.06569},
  url = {http://arxiv.org/abs/1601.06569},
  urldate = {2022-09-08},
  archiveprefix = {arxiv},
  keywords = {Computer Science - Artificial Intelligence,notion}
}

@inproceedings{anderson_vision-and-language_2018,
  title = {Vision-and-{{Language Navigation}}: {{Interpreting Visually-Grounded Navigation Instructions}} in {{Real Environments}}},
  shorttitle = {Vision-and-{{Language Navigation}}},
  booktitle = {Proceedings of the {{IEEE Conference}} on {{Computer Vision}} and {{Pattern Recognition}}},
  author = {Anderson, Peter and Wu, Qi and Teney, Damien and Bruce, Jake and Johnson, Mark and S{\"u}nderhauf, Niko and Reid, Ian and Gould, Stephen and {van den Hengel}, Anton},
  year = {2018},
  pages = {3674--3683},
  url = {https://openaccess.thecvf.com/content_cvpr_2018/html/Anderson_Vision-and-Language_Navigation_Interpreting_CVPR_2018_paper.html},
  urldate = {2022-10-14}
}

@inproceedings{andrychowicz_hindsight_2017,
  title = {Hindsight {{Experience Replay}}},
  booktitle = {Advances in {{Neural Information Processing Systems}}},
  author = {Andrychowicz, Marcin and Wolski, Filip and Ray, Alex and Schneider, Jonas and Fong, Rachel and Welinder, Peter and McGrew, Bob and Tobin, Josh and Pieter Abbeel, OpenAI and Zaremba, Wojciech},
  year = {2017},
  volume = {30},
  publisher = {{Curran Associates, Inc.}},
  url = {https://proceedings.neurips.cc/paper/2017/hash/453fadbd8a1a3af50a9df4df899537b5-Abstract.html},
  urldate = {2023-03-03}
}

@phdthesis{ariew_ockhams_1976,
  title = {Ockham's {{Razor}}: {{A Historical}} and {{Philosophical Analysis}} of {{Ockham}}'s {{Principle}} of {{Parsimony}}},
  author = {Ariew, Roger},
  year = {1976},
  month = oct,
  address = {{USA}},
  school = {University of Illinois at Urbana-Champaign}
}

@phdthesis{arjovsky_out_2020,
  title = {Out of {{Distribution Generalization}} in {{Machine Learning}}},
  author = {Arjovsky, Martin},
  year = {2020},
  address = {{USA}},
  school = {New York University}
}

@inproceedings{ba_layer_2016,
  title = {Layer {{Normalization}}},
  booktitle = {Advances in {{Neural Information Processing Systems}}},
  author = {Ba, Jimmy Lei and Kiros, Jamie Ryan and Hinton, Geoffrey E.},
  year = {2016},
  month = aug,
  volume = {30},
  eprint = {1607.06450},
  publisher = {{Curran Associates, Inc.}},
  address = {{Barcelona, Spain}},
  url = {https://openreview.net/forum?id=BJLa_ZC9},
  urldate = {2023-09-21},
  archiveprefix = {arxiv},
  langid = {english},
  keywords = {Computer Science - Machine Learning,notion,Statistics - Machine Learning}
}

@article{bakhtin_human-level_2022,
  title = {Human-Level Play in the Game of {{Diplomacy}} by Combining Language Models with Strategic Reasoning},
  author = {Bakhtin, Anton and Brown, Noam and Dinan, Emily and Farina, Gabriele and Flaherty, Colin and Fried, Daniel and Goff, Andrew and Gray, Jonathan and Hu, Hengyuan and Jacob, Athul Paul and Komeili, Mojtaba and Konath, Karthik and Kwon, Minae and Lerer, Adam and Lewis, Mike and Miller, Alexander H. and Mitts, Sasha and Renduchintala, Adithya and Roller, Stephen and Rowe, Dirk and Shi, Weiyan and Spisak, Joe and Wei, Alexander and Wu, David and Zhang, Hugh and Zijlstra, Markus},
  year = {2022},
  month = dec,
  journal = {Science},
  volume = {378},
  number = {6624},
  pages = {1067--1074},
  publisher = {{American Association for the Advancement of Science}},
  doi = {10.1126/science.ade9097},
  url = {https://www.science.org/doi/10.1126/science.ade9097},
  urldate = {2023-09-02}
}

@misc{bakker_fine-tuning_2022,
  title = {Fine-Tuning Language Models to Find Agreement among Humans with Diverse Preferences},
  author = {Bakker, Michiel A. and Chadwick, Martin J. and Sheahan, Hannah R. and Tessler, Michael Henry and {Campbell-Gillingham}, Lucy and Balaguer, Jan and McAleese, Nat and Glaese, Amelia and Aslanides, John and Botvinick, Matthew M. and Summerfield, Christopher},
  year = {2022},
  month = nov,
  number = {arXiv:2211.15006},
  eprint = {2211.15006},
  primaryclass = {cs},
  publisher = {{arXiv}},
  doi = {10.48550/arXiv.2211.15006},
  url = {http://arxiv.org/abs/2211.15006},
  urldate = {2022-12-02},
  archiveprefix = {arxiv},
  keywords = {Computer Science - Computation and Language,Computer Science - Machine Learning,notion,to read}
}

@article{baltrusaitis_multimodal_2019,
  title = {Multimodal {{Machine Learning}}: {{A Survey}} and {{Taxonomy}}},
  shorttitle = {Multimodal {{Machine Learning}}},
  author = {Baltru{\v s}aitis, Tadas and Ahuja, Chaitanya and Morency, Louis-Philippe},
  year = {2019},
  month = feb,
  journal = {IEEE Transactions on Pattern Analysis and Machine Intelligence},
  volume = {41},
  number = {2},
  pages = {423--443},
  issn = {1939-3539},
  doi = {10.1109/TPAMI.2018.2798607},
  keywords = {Hidden Markov models,introductory,machine learning,Media,Multimedia communication,Multimodal,Speech,Speech recognition,Streaming media,survey,Visualization}
}

@inproceedings{bansal_specification-guided_2022,
  title = {Specification-{{Guided Reinforcement Learning}}},
  booktitle = {Static {{Analysis}}},
  author = {Bansal, Suguman},
  editor = {Singh, Gagandeep and Urban, Caterina},
  year = {2022},
  series = {Lecture {{Notes}} in {{Computer Science}}},
  pages = {3--9},
  publisher = {{Springer Nature Switzerland}},
  address = {{Cham}},
  doi = {10.1007/978-3-031-22308-2_1},
  isbn = {978-3-031-22308-2},
  langid = {english}
}

@misc{bara_mindcraft_2021,
  title = {{{MindCraft}}: {{Theory}} of {{Mind Modeling}} for {{Situated Dialogue}} in {{Collaborative Tasks}}},
  shorttitle = {{{MindCraft}}},
  author = {Bara, Cristian-Paul and {CH-Wang}, Sky and Chai, Joyce},
  year = {2021},
  month = sep,
  number = {arXiv:2109.06275},
  eprint = {2109.06275},
  primaryclass = {cs},
  publisher = {{arXiv}},
  doi = {10.48550/arXiv.2109.06275},
  url = {http://arxiv.org/abs/2109.06275},
  urldate = {2022-11-28},
  archiveprefix = {arxiv},
  keywords = {Computer Science - Artificial Intelligence,Computer Science - Computation and Language,Computer Science - Computer Vision and Pattern Recognition,Computer Science - Machine Learning,notion,to read}
}

@inproceedings{baroni_dont_2014,
  title = {Don't Count, Predict! {{A}} Systematic Comparison of Context-Counting vs. Context-Predicting Semantic Vectors},
  booktitle = {Proceedings of the 52nd {{Annual Meeting}} of the {{Association}} for {{Computational Linguistics}} ({{Volume}} 1: {{Long Papers}})},
  author = {Baroni, Marco and Dinu, Georgiana and Kruszewski, Germ{\'a}n},
  year = {2014},
  month = jun,
  pages = {238--247},
  publisher = {{Association for Computational Linguistics}},
  address = {{Baltimore, Maryland}},
  doi = {10.3115/v1/P14-1023},
  url = {https://aclanthology.org/P14-1023},
  urldate = {2021-11-17},
  keywords = {notion}
}

@inproceedings{baroni_frege_2014,
  title = {Frege in {{Space}}: {{A Program}} for {{Composition Distributional Semantics}}},
  shorttitle = {Frege in {{Space}}},
  booktitle = {Linguistic {{Issues}} in {{Language Technology}}, {{Volume}} 9, 2014 - {{Perspectives}} on {{Semantic Representations}} for {{Textual Inference}}},
  author = {Baroni, Marco and Bernardi, Raffaella and Zamparelli, Roberto},
  year = {2014},
  publisher = {{CSLI Publications}},
  url = {https://aclanthology.org/2014.lilt-9.5},
  urldate = {2021-12-08},
  keywords = {notion}
}

@book{bellman_dynamic_1957,
  title = {Dynamic {{Programming}}},
  author = {Bellman, Richard},
  year = {1957},
  publisher = {{Princeton University Press}},
  googlebooks = {wdtoPwAACAAJ},
  isbn = {978-0-691-07951-6},
  langid = {english}
}

@inproceedings{bender_climbing_2020,
  title = {Climbing towards {{NLU}}: {{On Meaning}}, {{Form}}, and {{Understanding}} in the {{Age}} of {{Data}}},
  shorttitle = {Climbing towards {{NLU}}},
  booktitle = {Proceedings of the 58th {{Annual Meeting}} of the {{Association}} for {{Computational Linguistics}}},
  author = {Bender, Emily M. and Koller, Alexander},
  year = {2020},
  month = jul,
  pages = {5185--5198},
  publisher = {{Association for Computational Linguistics}},
  address = {{Online}},
  doi = {10.18653/v1/2020.acl-main.463},
  url = {https://aclanthology.org/2020.acl-main.463},
  urldate = {2022-07-28}
}

@article{bengio_representation_2013,
  title = {Representation {{Learning}}: {{A Review}} and {{New Perspectives}}},
  shorttitle = {Representation {{Learning}}},
  author = {Bengio, Yoshua and Courville, Aaron and Vincent, Pascal},
  year = {2013},
  month = aug,
  journal = {IEEE Transactions on Pattern Analysis and Machine Intelligence},
  volume = {35},
  number = {8},
  pages = {1798--1828},
  issn = {1939-3539},
  doi = {10.1109/TPAMI.2013.50},
  keywords = {Abstracts,autoencoder,Boltzmann machine,Deep learning,Feature extraction,feature learning,Learning systems,Machine learning,Manifolds,neural nets,Neural networks,representation learning,Speech recognition,unsupervised learning}
}

@inproceedings{bisk_experience_2020,
  title = {Experience {{Grounds Language}}},
  booktitle = {Proceedings of the 2020 {{Conference}} on {{Empirical Methods}} in {{Natural Language Processing}} ({{EMNLP}})},
  author = {Bisk, Yonatan and Holtzman, Ari and Thomason, Jesse and Andreas, Jacob and Bengio, Yoshua and Chai, Joyce and Lapata, Mirella and Lazaridou, Angeliki and May, Jonathan and Nisnevich, Aleksandr and Pinto, Nicolas and Turian, Joseph},
  year = {2020},
  month = nov,
  pages = {8718--8735},
  publisher = {{Association for Computational Linguistics}},
  address = {{Online}},
  doi = {10.18653/v1/2020.emnlp-main.703},
  url = {https://aclanthology.org/2020.emnlp-main.703},
  urldate = {2023-08-21}
}

@inproceedings{biyik_batch_2018,
  title = {Batch {{Active Preference-Based Learning}} of {{Reward Functions}}},
  booktitle = {Proceedings of {{The}} 2nd {{Conference}} on {{Robot Learning}}},
  author = {Biyik, Erdem and Sadigh, Dorsa},
  year = {2018},
  month = oct,
  pages = {519--528},
  publisher = {{PMLR}},
  issn = {2640-3498},
  url = {https://proceedings.mlr.press/v87/biyik18a.html},
  urldate = {2022-09-08},
  langid = {english},
  keywords = {notion,to read}
}

@misc{block_conceptual_1998,
  title = {Conceptual {{Role Semantics}}},
  author = {Block, Ned},
  year = {1998},
  url = {https://philarchive.org/rec/BLOCRS-2},
  urldate = {2023-08-26},
  langid = {english}
}

@article{blumer_occams_1987,
  title = {Occam's {{Razor}}},
  author = {Blumer, Anselm and Ehrenfeucht, Andrzej and Haussler, David and Warmuth, Manfred K.},
  year = {1987},
  month = apr,
  journal = {Information Processing Letters},
  volume = {24},
  number = {6},
  pages = {377--380},
  issn = {0020-0190},
  doi = {10.1016/0020-0190(87)90114-1},
  url = {https://www.sciencedirect.com/science/article/pii/0020019087901141},
  urldate = {2023-08-20},
  keywords = {induction,inductive inference,Machine learning,methodology of science,Occam's Razor}
}

@article{bommasani_opportunities_2021,
  title = {On the {{Opportunities}} and {{Risks}} of {{Foundation Models}}},
  author = {Bommasani, Rishi and Hudson, Drew A. and Adeli, Ehsan and Altman, Russ and Arora, Simran and {von Arx}, Sydney and Bernstein, Michael S. and Bohg, Jeannette and Bosselut, Antoine and Brunskill, Emma and Brynjolfsson, Erik and Buch, Shyamal and Card, Dallas and Castellon, Rodrigo and Chatterji, Niladri and Chen, Annie and Creel, Kathleen and Davis, Jared Quincy and Demszky, Dora and Donahue, Chris and Doumbouya, Moussa and Durmus, Esin and Ermon, Stefano and Etchemendy, John and Ethayarajh, Kawin and {Fei-Fei}, Li and Finn, Chelsea and Gale, Trevor and Gillespie, Lauren and Goel, Karan and Goodman, Noah and Grossman, Shelby and Guha, Neel and Hashimoto, Tatsunori and Henderson, Peter and Hewitt, John and Ho, Daniel E. and Hong, Jenny and Hsu, Kyle and Huang, Jing and Icard, Thomas and Jain, Saahil and Jurafsky, Dan and Kalluri, Pratyusha and Karamcheti, Siddharth and Keeling, Geoff and Khani, Fereshte and Khattab, Omar and Koh, Pang Wei and Krass, Mark and Krishna, Ranjay and Kuditipudi, Rohith and Kumar, Ananya and Ladhak, Faisal and Lee, Mina and Lee, Tony and Leskovec, Jure and Levent, Isabelle and Li, Xiang Lisa and Li, Xuechen and Ma, Tengyu and Malik, Ali and Manning, Christopher D. and Mirchandani, Suvir and Mitchell, Eric and Munyikwa, Zanele and Nair, Suraj and Narayan, Avanika and Narayanan, Deepak and Newman, Ben and Nie, Allen and Niebles, Juan Carlos and Nilforoshan, Hamed and Nyarko, Julian and Ogut, Giray and Orr, Laurel and Papadimitriou, Isabel and Park, Joon Sung and Piech, Chris and Portelance, Eva and Potts, Christopher and Raghunathan, Aditi and Reich, Rob and Ren, Hongyu and Rong, Frieda and Roohani, Yusuf and Ruiz, Camilo and Ryan, Jack and R{\'e}, Christopher and Sadigh, Dorsa and Sagawa, Shiori and Santhanam, Keshav and Shih, Andy and Srinivasan, Krishnan and Tamkin, Alex and Taori, Rohan and Thomas, Armin W. and Tram{\`e}r, Florian and Wang, Rose E. and Wang, William and Wu, Bohan and Wu, Jiajun and Wu, Yuhuai and Xie, Sang Michael and Yasunaga, Michihiro and You, Jiaxuan and Zaharia, Matei and Zhang, Michael and Zhang, Tianyi and Zhang, Xikun and Zhang, Yuhui and Zheng, Lucia and Zhou, Kaitlyn and Liang, Percy},
  year = {2021},
  month = aug,
  journal = {arXiv:2108.07258 [cs]},
  eprint = {2108.07258},
  primaryclass = {cs},
  url = {http://arxiv.org/abs/2108.07258},
  urldate = {2022-04-05},
  archiveprefix = {arxiv},
  keywords = {Computer Science - Artificial Intelligence,Computer Science - Computers and Society,Computer Science - Machine Learning}
}

@misc{brockman_openai_2016,
  title = {{{OpenAI Gym}}},
  author = {Brockman, Greg and Cheung, Vicki and Pettersson, Ludwig and Schneider, Jonas and Schulman, John and Tang, Jie and Zaremba, Wojciech},
  year = {2016},
  month = jun,
  number = {arXiv:1606.01540},
  eprint = {1606.01540},
  primaryclass = {cs},
  publisher = {{arXiv}},
  doi = {10.48550/arXiv.1606.01540},
  url = {http://arxiv.org/abs/1606.01540},
  urldate = {2023-08-31},
  archiveprefix = {arxiv},
  keywords = {Computer Science - Artificial Intelligence,Computer Science - Machine Learning}
}

@misc{bronstein_geometric_2021,
  title = {Geometric {{Deep Learning}}: {{Grids}}, {{Groups}}, {{Graphs}}, {{Geodesics}}, and {{Gauges}}},
  shorttitle = {Geometric {{Deep Learning}}},
  author = {Bronstein, Michael M. and Bruna, Joan and Cohen, Taco and Veli{\v c}kovi{\'c}, Petar},
  year = {2021},
  month = may,
  number = {arXiv:2104.13478},
  eprint = {2104.13478},
  primaryclass = {cs, stat},
  publisher = {{arXiv}},
  doi = {10.48550/arXiv.2104.13478},
  url = {http://arxiv.org/abs/2104.13478},
  urldate = {2023-08-26},
  archiveprefix = {arxiv},
  keywords = {Computer Science - Artificial Intelligence,Computer Science - Computational Geometry,Computer Science - Computer Vision and Pattern Recognition,Computer Science - Machine Learning,notion,Statistics - Machine Learning}
}

@misc{brooks_-context_2022,
  title = {In-{{Context Policy Iteration}}},
  author = {Brooks, Ethan and Walls, Logan and Lewis, Richard L. and Singh, Satinder},
  year = {2022},
  month = oct,
  number = {arXiv:2210.03821},
  eprint = {2210.03821},
  primaryclass = {cs},
  publisher = {{arXiv}},
  doi = {10.48550/arXiv.2210.03821},
  url = {http://arxiv.org/abs/2210.03821},
  urldate = {2022-10-14},
  archiveprefix = {arxiv},
  keywords = {Computer Science - Machine Learning,notion,to read}
}

@article{brown_language_2020,
  ids = {brownLanguageModelsAre2020a},
  title = {Language {{Models}} Are {{Few-Shot Learners}}},
  author = {Brown, Tom B. and Mann, Benjamin and Ryder, Nick and Subbiah, Melanie and Kaplan, Jared and Dhariwal, Prafulla and Neelakantan, Arvind and Shyam, Pranav and Sastry, Girish and Askell, Amanda and Agarwal, Sandhini and {Herbert-Voss}, Ariel and Krueger, Gretchen and Henighan, Tom and Child, Rewon and Ramesh, Aditya and Ziegler, Daniel M. and Wu, Jeffrey and Winter, Clemens and Hesse, Christopher and Chen, Mark and Sigler, Eric and Litwin, Mateusz and Gray, Scott and Chess, Benjamin and Clark, Jack and Berner, Christopher and McCandlish, Sam and Radford, Alec and Sutskever, Ilya and Amodei, Dario},
  year = {2020},
  month = jul,
  journal = {arXiv:2005.14165 [cs]},
  eprint = {2005.14165},
  primaryclass = {cs},
  url = {http://arxiv.org/abs/2005.14165},
  urldate = {2020-09-06},
  archiveprefix = {arxiv},
  keywords = {Computer Science - Computation and Language,gpt,gpt-3,gpt3,notion}
}

@article{bruni_multimodal_2014,
  title = {Multimodal {{Distributional Semantics}}},
  author = {Bruni, E. and Tran, N. K. and Baroni, M.},
  year = {2014},
  month = jan,
  journal = {Journal of Artificial Intelligence Research},
  volume = {49},
  pages = {1--47},
  issn = {1076-9757},
  doi = {10.1613/jair.4135},
  url = {https://www.jair.org/index.php/jair/article/view/10857},
  urldate = {2023-08-26},
  copyright = {Copyright (c)},
  langid = {english}
}

@article{bryson_optimal_1996,
  title = {Optimal Control-1950 to 1985},
  author = {Bryson, A.E.},
  year = {1996},
  month = jun,
  journal = {IEEE Control Systems Magazine},
  volume = {16},
  number = {3},
  pages = {26--33},
  issn = {1941-000X},
  doi = {10.1109/37.506395},
  keywords = {Calculus,Dynamic programming,Feedback control,Game theory,H infinity control,Jacobian matrices,Lagrangian functions,Logic,Optimal control,Robust control}
}

@inproceedings{caballero_broken_2022,
  title = {Broken {{Neural Scaling Laws}}},
  booktitle = {The {{Eleventh International Conference}} on {{Learning Representations}}},
  author = {Caballero, Ethan and Gupta, Kshitij and Rish, Irina and Krueger, David},
  year = {2022},
  month = sep,
  url = {https://openreview.net/forum?id=sckjveqlCZ},
  urldate = {2023-08-20},
  langid = {english}
}

@article{caruana_multitask_1997,
  title = {Multitask {{Learning}}},
  author = {Caruana, Rich},
  year = {1997},
  month = jul,
  journal = {Machine Learning},
  volume = {28},
  number = {1},
  pages = {41--75},
  issn = {1573-0565},
  doi = {10.1023/A:1007379606734},
  url = {https://doi.org/10.1023/A:1007379606734},
  urldate = {2023-08-20},
  langid = {english},
  keywords = {backpropagation,generalization,inductive transfer,k-nearest neighbor,kernel regression,multitask learning,parallel transfer,supervised learning}
}

@misc{chen_decision_2021,
  title = {Decision {{Transformer}}: {{Reinforcement Learning}} via {{Sequence Modeling}}},
  shorttitle = {Decision {{Transformer}}},
  author = {Chen, Lili and Lu, Kevin and Rajeswaran, Aravind and Lee, Kimin and Grover, Aditya and Laskin, Michael and Abbeel, Pieter and Srinivas, Aravind and Mordatch, Igor},
  year = {2021},
  month = jun,
  number = {arXiv:2106.01345},
  eprint = {2106.01345},
  primaryclass = {cs},
  publisher = {{arXiv}},
  doi = {10.48550/arXiv.2106.01345},
  url = {http://arxiv.org/abs/2106.01345},
  urldate = {2022-09-28},
  archiveprefix = {arxiv},
  keywords = {Computer Science - Artificial Intelligence,Computer Science - Machine Learning,notion,to read}
}

@inproceedings{chen_simple_2020,
  title = {A {{Simple Framework}} for {{Contrastive Learning}} of {{Visual Representations}}},
  booktitle = {Proceedings of the 37th {{International Conference}} on {{Machine Learning}}},
  author = {Chen, Ting and Kornblith, Simon and Norouzi, Mohammad and Hinton, Geoffrey},
  year = {2020},
  month = nov,
  pages = {1597--1607},
  publisher = {{PMLR}},
  issn = {2640-3498},
  url = {https://proceedings.mlr.press/v119/chen20j.html},
  urldate = {2023-08-22},
  langid = {english},
  keywords = {notion}
}

@inproceedings{chevalier-boisvert_babyai_2022,
  title = {{{BabyAI}}: {{A Platform}} to {{Study}} the {{Sample Efficiency}} of {{Grounded Language Learning}}},
  shorttitle = {{{BabyAI}}},
  booktitle = {International {{Conference}} on {{Learning Representations}}},
  author = {{Chevalier-Boisvert}, Maxime and Bahdanau, Dzmitry and Lahlou, Salem and Willems, Lucas and Saharia, Chitwan and Nguyen, Thien Huu and Bengio, Yoshua},
  year = {2022},
  month = feb,
  url = {https://openreview.net/forum?id=rJeXCo0cYX},
  urldate = {2022-11-08},
  langid = {english},
  keywords = {notion,to read}
}

@misc{chevalier-boisvert_minigrid_2023,
  title = {Minigrid \& {{Miniworld}}: {{Modular}} \& {{Customizable Reinforcement Learning Environments}} for {{Goal-Oriented Tasks}}},
  shorttitle = {Minigrid \& {{Miniworld}}},
  author = {{Chevalier-Boisvert}, Maxime and Dai, Bolun and Towers, Mark and {de Lazcano}, Rodrigo and Willems, Lucas and Lahlou, Salem and Pal, Suman and Castro, Pablo Samuel and Terry, Jordan},
  year = {2023},
  month = jun,
  number = {arXiv:2306.13831},
  eprint = {2306.13831},
  primaryclass = {cs},
  publisher = {{arXiv}},
  doi = {10.48550/arXiv.2306.13831},
  url = {http://arxiv.org/abs/2306.13831},
  urldate = {2023-08-31},
  archiveprefix = {arxiv},
  keywords = {Computer Science - Machine Learning}
}

@inproceedings{cho_learning_2014,
  title = {Learning {{Phrase Representations}} Using {{RNN Encoder}}\textendash{{Decoder}} for {{Statistical Machine Translation}}},
  booktitle = {Proceedings of the 2014 {{Conference}} on {{Empirical Methods}} in {{Natural Language Processing}} ({{EMNLP}})},
  author = {Cho, Kyunghyun and {van Merri{\"e}nboer}, Bart and Gulcehre, Caglar and Bahdanau, Dzmitry and Bougares, Fethi and Schwenk, Holger and Bengio, Yoshua},
  year = {2014},
  month = oct,
  pages = {1724--1734},
  publisher = {{Association for Computational Linguistics}},
  address = {{Doha, Qatar}},
  doi = {10.3115/v1/D14-1179},
  url = {https://www.aclweb.org/anthology/D14-1179},
  urldate = {2020-06-22},
  keywords = {notion}
}

@inproceedings{cho_multi-task_2022,
  title = {Multi-Task {{Reinforcement Learning}} with {{Task Representation Method}}},
  booktitle = {{{ICLR}} 2022 {{Workshop}} on {{Generalizable Policy Learning}} in {{Physical World}}},
  author = {Cho, Myungsik and Jung, Whiyoung and Sung, Youngchul},
  year = {2022},
  month = apr,
  url = {https://openreview.net/forum?id=rV2zaEpNybc},
  urldate = {2023-08-18},
  langid = {english}
}

@article{choi_inverse_2011,
  title = {Inverse {{Reinforcement Learning}} in {{Partially Observable Environments}}},
  author = {Choi, Jaedeug and Kim, Kee-Eung},
  year = {2011},
  journal = {Journal of Machine Learning Research},
  volume = {12},
  number = {21},
  pages = {691--730},
  issn = {1533-7928},
  url = {http://jmlr.org/papers/v12/choi11a.html},
  urldate = {2022-09-08},
  keywords = {notion}
}

@inproceedings{choi_lmpriors_2022,
  title = {{{LMPriors}}: {{Pre-Trained Language Models}} as {{Task-Specific Priors}}},
  shorttitle = {{{LMPriors}}},
  booktitle = {{{NeurIPS}} 2022 {{Foundation Models}} for {{Decision Making Workshop}}},
  author = {Choi, Kristy and Cundy, Chris and Srivastava, Sanjari and Ermon, Stefano},
  year = {2022},
  month = nov,
  url = {https://openreview.net/forum?id=U2MnmJ7Sa4},
  urldate = {2023-02-20},
  langid = {english},
  keywords = {notion,skimmed}
}

@inproceedings{christiano_deep_2017,
  title = {Deep {{Reinforcement Learning}} from {{Human Preferences}}},
  booktitle = {Advances in {{Neural Information Processing Systems}}},
  author = {Christiano, Paul F and Leike, Jan and Brown, Tom and Martic, Miljan and Legg, Shane and Amodei, Dario},
  year = {2017},
  volume = {30},
  publisher = {{Curran Associates, Inc.}},
  url = {https://proceedings.neurips.cc/paper/2017/hash/d5e2c0adad503c91f91df240d0cd4e49-Abstract.html},
  urldate = {2022-11-09},
  keywords = {notion,read}
}

@article{cideron_self-educated_2019,
  title = {Self-{{Educated Language Agent}} with {{Hindsight Experience Replay}} for {{Instruction Following}}},
  author = {Cideron, Geoffrey and Seurin, Mathieu and Strub, Florian and Pietquin, Olivier},
  year = {2019},
  month = dec,
  url = {https://openreview.net/forum?id=S1g_t1StDB},
  urldate = {2022-11-22},
  langid = {english},
  keywords = {notion,to read}
}

@incollection{clark_grounding_1991,
  title = {Grounding in Communication},
  booktitle = {Perspectives on Socially Shared Cognition},
  author = {Clark, Herbert H. and Brennan, Susan E.},
  year = {1991},
  pages = {127--149},
  publisher = {{American Psychological Association}},
  address = {{Washington, DC, US}},
  doi = {10.1037/10096-006},
  isbn = {978-1-55798-121-9},
  keywords = {Communication Skills,Conversation,Verbal Comprehension}
}

@inproceedings{cobbe_leveraging_2020,
  title = {Leveraging {{Procedural Generation}} to {{Benchmark Reinforcement Learning}}},
  booktitle = {Proceedings of the 37th {{International Conference}} on {{Machine Learning}}},
  author = {Cobbe, Karl and Hesse, Chris and Hilton, Jacob and Schulman, John},
  year = {2020},
  month = nov,
  pages = {2048--2056},
  publisher = {{PMLR}},
  issn = {2640-3498},
  url = {https://proceedings.mlr.press/v119/cobbe20a.html},
  urldate = {2023-03-03},
  langid = {english}
}

@inproceedings{dasari_transformers_2021,
  title = {Transformers for {{One-Shot Visual Imitation}}},
  booktitle = {Proceedings of the 2020 {{Conference}} on {{Robot Learning}}},
  author = {Dasari, Sudeep and Gupta, Abhinav},
  year = {2021},
  month = oct,
  pages = {2071--2084},
  publisher = {{PMLR}},
  issn = {2640-3498},
  url = {https://proceedings.mlr.press/v155/dasari21a.html},
  urldate = {2023-05-23},
  langid = {english}
}

@article{dayan_improving_1993,
  title = {Improving {{Generalization}} for {{Temporal Difference Learning}}: {{The Successor Representation}}},
  shorttitle = {Improving {{Generalization}} for {{Temporal Difference Learning}}},
  author = {Dayan, Peter},
  year = {1993},
  month = jul,
  journal = {Neural Computation},
  volume = {5},
  number = {4},
  pages = {613--624},
  issn = {0899-7667},
  doi = {10.1162/neco.1993.5.4.613},
  keywords = {notion}
}

@inproceedings{de_haan_causal_2019,
  title = {Causal {{Confusion}} in {{Imitation Learning}}},
  booktitle = {Advances in {{Neural Information Processing Systems}}},
  author = {{de Haan}, Pim and Jayaraman, Dinesh and Levine, Sergey},
  year = {2019},
  volume = {32},
  publisher = {{Curran Associates, Inc.}},
  url = {https://proceedings.neurips.cc/paper/2019/hash/947018640bf36a2bb609d3557a285329-Abstract.html},
  urldate = {2023-02-22},
  keywords = {notion,seminal causal confusion paper,skimmed,UvA}
}

@misc{deepmind_creating_2022,
  title = {Creating {{Multimodal Interactive Agents}} with {{Imitation}} and {{Self-Supervised Learning}}},
  author = {DeepMind, Interactive Agents Team and Abramson, Josh and Ahuja, Arun and Brussee, Arthur and Carnevale, Federico and Cassin, Mary and Fischer, Felix and Georgiev, Petko and Goldin, Alex and Gupta, Mansi and Harley, Tim and Hill, Felix and Humphreys, Peter C. and Hung, Alden and Landon, Jessica and Lillicrap, Timothy and Merzic, Hamza and Muldal, Alistair and Santoro, Adam and Scully, Guy and {von Glehn}, Tamara and Wayne, Greg and Wong, Nathaniel and Yan, Chen and Zhu, Rui},
  year = {2022},
  month = feb,
  number = {arXiv:2112.03763},
  eprint = {2112.03763},
  primaryclass = {cs},
  publisher = {{arXiv}},
  doi = {10.48550/arXiv.2112.03763},
  url = {http://arxiv.org/abs/2112.03763},
  urldate = {2022-11-28},
  archiveprefix = {arxiv},
  keywords = {Computer Science - Machine Learning,DeepMind MIA,notion,read}
}

@book{dennett_intentional_1989,
  title = {The {{Intentional Stance}}},
  author = {Dennett, Daniel C.},
  year = {1989},
  month = mar,
  publisher = {{MIT Press}},
  isbn = {978-0-262-54053-7},
  langid = {english},
  keywords = {Psychology / Cognitive Psychology \& Cognition}
}

@inproceedings{devault_societal_2006,
  title = {Societal {{Grounding Is Essential}} to {{Meaningful Language Use}}},
  booktitle = {{{AAAI Conference}} on {{Artificial Intelligence}}},
  author = {DeVault, D. and Oved, Iris and Stone, Matthew},
  year = {2006},
  month = jul,
  url = {https://www.semanticscholar.org/paper/Societal-Grounding-Is-Essential-to-Meaningful-Use-DeVault-Oved/fd531e4720bedc0bafad42414a3dc0ca1612a497},
  urldate = {2023-08-26}
}

@inproceedings{devlin_bert_2019,
  title = {{{BERT}}: {{Pre-training}} of {{Deep Bidirectional Transformers}} for {{Language Understanding}}},
  shorttitle = {{{BERT}}},
  booktitle = {Proceedings of the 2019 {{Conference}} of the {{North American Chapter}} of the {{Association}} for {{Computational Linguistics}}: {{Human Language Technologies}}, {{Volume}} 1 ({{Long}} and {{Short Papers}})},
  author = {Devlin, Jacob and Chang, Ming-Wei and Lee, Kenton and Toutanova, Kristina},
  year = {2019},
  month = jun,
  pages = {4171--4186},
  publisher = {{Association for Computational Linguistics}},
  address = {{Minneapolis, Minnesota}},
  doi = {10.18653/v1/N19-1423},
  url = {https://aclanthology.org/N19-1423},
  urldate = {2022-04-19}
}

@misc{dhariwal_jukebox_2020,
  title = {Jukebox: {{A Generative Model}} for {{Music}}},
  shorttitle = {Jukebox},
  author = {Dhariwal, Prafulla and Jun, Heewoo and Payne, Christine and Kim, Jong Wook and Radford, Alec and Sutskever, Ilya},
  year = {2020},
  month = apr,
  number = {arXiv:2005.00341},
  eprint = {2005.00341},
  primaryclass = {cs, eess, stat},
  publisher = {{arXiv}},
  doi = {10.48550/arXiv.2005.00341},
  url = {http://arxiv.org/abs/2005.00341},
  urldate = {2023-03-03},
  archiveprefix = {arxiv},
  keywords = {Computer Science - Machine Learning,Computer Science - Sound,Electrical Engineering and Systems Science - Audio and Speech Processing,Statistics - Machine Learning}
}

@misc{ding_robot_2022,
  title = {Robot {{Task Planning}} and {{Situation Handling}} in {{Open Worlds}}},
  author = {Ding, Yan and Zhang, Xiaohan and Amiri, Saeid and Cao, Nieqing and Yang, Hao and Esselink, Chad and Zhang, Shiqi},
  year = {2022},
  month = oct,
  number = {arXiv:2210.01287},
  eprint = {2210.01287},
  primaryclass = {cs},
  publisher = {{arXiv}},
  doi = {10.48550/arXiv.2210.01287},
  url = {http://arxiv.org/abs/2210.01287},
  urldate = {2022-10-14},
  archiveprefix = {arxiv},
  keywords = {Computer Science - Artificial Intelligence,Computer Science - Robotics,notion,to read}
}

@misc{dohan_language_2022,
  title = {Language {{Model Cascades}}},
  author = {Dohan, David and Xu, Winnie and Lewkowycz, Aitor and Austin, Jacob and Bieber, David and Lopes, Raphael Gontijo and Wu, Yuhuai and Michalewski, Henryk and Saurous, Rif A. and {Sohl-dickstein}, Jascha and Murphy, Kevin and Sutton, Charles},
  year = {2022},
  month = jul,
  number = {arXiv:2207.10342},
  eprint = {2207.10342},
  primaryclass = {cs},
  publisher = {{arXiv}},
  doi = {10.48550/arXiv.2207.10342},
  url = {http://arxiv.org/abs/2207.10342},
  urldate = {2023-08-27},
  archiveprefix = {arxiv},
  keywords = {Computer Science - Artificial Intelligence,Computer Science - Computation and Language,notion}
}

@inproceedings{dosovitskiy_image_2022,
  title = {An {{Image}} Is {{Worth}} 16x16 {{Words}}: {{Transformers}} for {{Image Recognition}} at {{Scale}}},
  shorttitle = {An {{Image}} Is {{Worth}} 16x16 {{Words}}},
  booktitle = {International {{Conference}} on {{Learning Representations}}},
  author = {Dosovitskiy, Alexey and Beyer, Lucas and Kolesnikov, Alexander and Weissenborn, Dirk and Zhai, Xiaohua and Unterthiner, Thomas and Dehghani, Mostafa and Minderer, Matthias and Heigold, Georg and Gelly, Sylvain and Uszkoreit, Jakob and Houlsby, Neil},
  year = {2022},
  month = mar,
  url = {https://openreview.net/forum?id=YicbFdNTTy},
  urldate = {2022-11-09},
  langid = {english}
}

@misc{du_learning_2023,
  title = {Learning {{Universal Policies}} via {{Text-Guided Video Generation}}},
  author = {Du, Yilun and Yang, Mengjiao and Dai, Bo and Dai, Hanjun and Nachum, Ofir and Tenenbaum, Joshua B. and Schuurmans, Dale and Abbeel, Pieter},
  year = {2023},
  month = feb,
  number = {arXiv:2302.00111},
  eprint = {2302.00111},
  primaryclass = {cs},
  publisher = {{arXiv}},
  doi = {10.48550/arXiv.2302.00111},
  url = {http://arxiv.org/abs/2302.00111},
  urldate = {2023-06-08},
  archiveprefix = {arxiv},
  keywords = {Computer Science - Artificial Intelligence}
}

@article{ernst_tree-based_2005,
  title = {Tree-{{Based Batch Mode Reinforcement Learning}}},
  author = {Ernst, Damien and Geurts, Pierre and Wehenkel, Louis},
  year = {2005},
  month = dec,
  journal = {The Journal of Machine Learning Research},
  volume = {6},
  pages = {503--556},
  issn = {1532-4435}
}

@inproceedings{evans_learning_2015,
  title = {Learning the Preferences of Bounded Agents},
  author = {Evans, Owain and Stuhlmuller, Andreas and Goodman, Noah D.},
  year = {2015},
  keywords = {notion}
}

@inproceedings{evans_learning_2016,
  title = {Learning the Preferences of Ignorant, Inconsistent Agents},
  booktitle = {Proceedings of the {{Thirtieth AAAI Conference}} on {{Artificial Intelligence}}},
  author = {Evans, Owain and Stuhlm{\"u}ller, Andreas and Goodman, Noah D.},
  year = {2016},
  month = feb,
  series = {{{AAAI}}'16},
  pages = {323--329},
  publisher = {{AAAI Press}},
  address = {{Phoenix, Arizona}},
  urldate = {2022-11-09},
  keywords = {bayesian learning,cognitive biases,preference inference}
}

@article{everitt_reward_2021,
  title = {Reward Tampering Problems and Solutions in Reinforcement Learning: A Causal Influence Diagram Perspective},
  shorttitle = {Reward Tampering Problems and Solutions in Reinforcement Learning},
  author = {Everitt, Tom and Hutter, Marcus and Kumar, Ramana and Krakovna, Victoria},
  year = {2021},
  month = nov,
  journal = {Synthese},
  volume = {198},
  number = {27},
  pages = {6435--6467},
  issn = {1573-0964},
  doi = {10.1007/s11229-021-03141-4},
  url = {https://doi.org/10.1007/s11229-021-03141-4},
  urldate = {2023-03-03},
  langid = {english}
}

@inproceedings{fan_minedojo_2022,
  title = {{{MineDojo}}: {{Building Open-Ended Embodied Agents}} with {{Internet-Scale Knowledge}}},
  shorttitle = {{{MineDojo}}},
  booktitle = {Thirty-Sixth {{Conference}} on {{Neural Information Processing Systems Datasets}} and {{Benchmarks Track}}},
  author = {Fan, Linxi and Wang, Guanzhi and Jiang, Yunfan and Mandlekar, Ajay and Yang, Yuncong and Zhu, Haoyi and Tang, Andrew and Huang, De-An and Zhu, Yuke and Anandkumar, Anima},
  year = {2022},
  month = oct,
  url = {https://openreview.net/forum?id=rc8o_j8I8PX},
  urldate = {2023-02-08},
  langid = {english}
}

@article{farquhar_path-specific_2022,
  title = {Path-{{Specific Objectives}} for {{Safer Agent Incentives}}},
  author = {Farquhar, Sebastian and Carey, Ryan and Everitt, Tom},
  year = {2022},
  month = jun,
  journal = {Proceedings of the AAAI Conference on Artificial Intelligence},
  volume = {36},
  number = {9},
  pages = {9529--9538},
  issn = {2374-3468},
  doi = {10.1609/aaai.v36i9.21186},
  url = {https://ojs.aaai.org/index.php/AAAI/article/view/21186},
  urldate = {2023-02-23},
  copyright = {Copyright (c) 2022 Association for the Advancement of Artificial Intelligence},
  langid = {english},
  keywords = {Humans And AI (HAI),incentive mismanagement,notion,skimmed,third consequence of causal confusion}
}

@article{fawzi_discovering_2022,
  title = {Discovering Faster Matrix Multiplication Algorithms with Reinforcement Learning},
  author = {Fawzi, Alhussein and Balog, Matej and Huang, Aja and Hubert, Thomas and {Romera-Paredes}, Bernardino and Barekatain, Mohammadamin and Novikov, Alexander and R. Ruiz, Francisco J. and Schrittwieser, Julian and Swirszcz, Grzegorz and Silver, David and Hassabis, Demis and Kohli, Pushmeet},
  year = {2022},
  month = oct,
  journal = {Nature},
  volume = {610},
  number = {7930},
  pages = {47--53},
  publisher = {{Nature Publishing Group}},
  issn = {1476-4687},
  doi = {10.1038/s41586-022-05172-4},
  url = {https://www.nature.com/articles/s41586-022-05172-4},
  urldate = {2023-03-01},
  copyright = {2022 The Author(s)},
  langid = {english},
  keywords = {Applied mathematics,Computer science}
}

@inproceedings{finn_deep_2016,
  title = {Deep Spatial Autoencoders for Visuomotor Learning},
  booktitle = {2016 {{IEEE International Conference}} on {{Robotics}} and {{Automation}} ({{ICRA}})},
  author = {Finn, Chelsea and Xin Yu Tan and Yan Duan and Darrell, Trevor and Levine, Sergey and Abbeel, Pieter},
  year = {2016},
  month = may,
  pages = {512--519},
  publisher = {{IEEE Press}},
  address = {{Stockholm, Sweden}},
  doi = {10.1109/ICRA.2016.7487173},
  url = {https://doi.org/10.1109/ICRA.2016.7487173},
  urldate = {2023-08-21},
  keywords = {notion}
}

@book{frankish_cambridge_2014,
  title = {The {{Cambridge Handbook}} of {{Artificial Intelligence}}},
  author = {Frankish, Keith and Ramsey, William M.},
  year = {2014},
  month = jun,
  publisher = {{Cambridge University Press}},
  googlebooks = {RYOYAwAAQBAJ},
  isbn = {978-0-521-87142-6},
  langid = {english},
  keywords = {Philosophy / Mind \& Body,Psychology / Cognitive Psychology \& Cognition}
}

@misc{frans_powderworld_2022,
  title = {Powderworld: {{A Platform}} for {{Understanding Generalization}} via {{Rich Task Distributions}}},
  shorttitle = {Powderworld},
  author = {Frans, Kevin and Isola, Phillip},
  year = {2022},
  month = nov,
  number = {arXiv:2211.13051},
  eprint = {2211.13051},
  primaryclass = {cs},
  publisher = {{arXiv}},
  doi = {10.48550/arXiv.2211.13051},
  url = {http://arxiv.org/abs/2211.13051},
  urldate = {2022-11-29},
  archiveprefix = {arxiv},
  keywords = {Computer Science - Artificial Intelligence,Computer Science - Machine Learning,notion,read}
}

@misc{fu_d4rl_2021,
  title = {{{D4RL}}: {{Datasets}} for {{Deep Data-Driven Reinforcement Learning}}},
  shorttitle = {{{D4RL}}},
  author = {Fu, Justin and Kumar, Aviral and Nachum, Ofir and Tucker, George and Levine, Sergey},
  year = {2021},
  month = feb,
  number = {arXiv:2004.07219},
  eprint = {2004.07219},
  primaryclass = {cs, stat},
  publisher = {{arXiv}},
  doi = {10.48550/arXiv.2004.07219},
  url = {http://arxiv.org/abs/2004.07219},
  urldate = {2023-03-02},
  archiveprefix = {arxiv},
  keywords = {Computer Science - Machine Learning,Statistics - Machine Learning}
}

@inproceedings{fujimoto_off-policy_2019,
  title = {Off-{{Policy Deep Reinforcement Learning}} without {{Exploration}}},
  booktitle = {Proceedings of the 36th {{International Conference}} on {{Machine Learning}}},
  author = {Fujimoto, Scott and Meger, David and Precup, Doina},
  year = {2019},
  month = may,
  pages = {2052--2062},
  publisher = {{PMLR}},
  issn = {2640-3498},
  url = {https://proceedings.mlr.press/v97/fujimoto19a.html},
  urldate = {2023-03-02},
  langid = {english},
  keywords = {bcq,constrained offline rl,constraint}
}

@misc{gal_image_2022,
  title = {An {{Image}} Is {{Worth One Word}}: {{Personalizing Text-to-Image Generation}} Using {{Textual Inversion}}},
  shorttitle = {An {{Image}} Is {{Worth One Word}}},
  author = {Gal, Rinon and Alaluf, Yuval and Atzmon, Yuval and Patashnik, Or and Bermano, Amit H. and Chechik, Gal and {Cohen-Or}, Daniel},
  year = {2022},
  month = aug,
  number = {arXiv:2208.01618},
  eprint = {2208.01618},
  primaryclass = {cs},
  publisher = {{arXiv}},
  doi = {10.48550/arXiv.2208.01618},
  url = {http://arxiv.org/abs/2208.01618},
  urldate = {2022-09-08},
  archiveprefix = {arxiv},
  keywords = {Computer Science - Computation and Language,Computer Science - Computer Vision and Pattern Recognition,Computer Science - Graphics,Computer Science - Machine Learning,notion,to read}
}

@book{galland_les_1717,
  title = {{Les mille et une nuits, contes arabes traduits en fran\c{c}ais}},
  shorttitle = {{Les mille et une nuits}},
  author = {Galland, Antoine},
  year = {1717},
  publisher = {{Claude Barbin}},
  address = {{Paris}},
  googlebooks = {7uS1ZPg7t4gC},
  langid = {french}
}

@article{garg_lisa_2022,
  title = {{{LISA}}: {{Learning Interpretable Skill Abstractions}} from {{Language}}},
  shorttitle = {{{LISA}}},
  author = {Garg, Divyansh and Vaidyanath, Skanda and Kim, Kuno and Song, Jiaming and Ermon, Stefano},
  year = {2022},
  month = dec,
  journal = {Advances in Neural Information Processing Systems},
  volume = {35},
  pages = {21711--21724},
  url = {https://proceedings.neurips.cc/paper_files/paper/2022/hash/883105b282fe15275991b411e6b200c5-Abstract-Conference.html},
  urldate = {2023-04-03},
  langid = {english},
  keywords = {notion,skimmed}
}

@inproceedings{geng_multimodal_2022,
  ids = {geng_multimodal_2023},
  title = {Multimodal {{Masked Autoencoders Learn Transferable Representations}}},
  booktitle = {First {{Workshop}} on {{Pre-training}}: {{Perspectives}}, {{Pitfalls}}, and {{Paths Forward}} at {{ICML}} 2022},
  author = {Geng, Xinyang and Liu, Hao and Lee, Lisa and Schuurmans, Dale and Levine, Sergey and Abbeel, Pieter},
  year = {2022},
  month = jul,
  url = {https://openreview.net/forum?id=qmyvfCPnx-e},
  urldate = {2023-08-27},
  langid = {english}
}

@inproceedings{goyal_using_2019,
  title = {Using {{Natural Language}} for {{Reward Shaping}} in {{Reinforcement Learning}}},
  booktitle = {Proceedings of the {{Twenty-Eighth International Joint Conference}} on {{Artificial Intelligence}}},
  author = {Goyal, Prasoon and Niekum, Scott and Mooney, Raymond J.},
  year = {2019},
  month = aug,
  pages = {2385--2391},
  publisher = {{International Joint Conferences on Artificial Intelligence Organization}},
  address = {{Macao, China}},
  doi = {10.24963/ijcai.2019/331},
  url = {https://www.ijcai.org/proceedings/2019/331},
  urldate = {2022-09-14},
  isbn = {978-0-9992411-4-1},
  langid = {english},
  keywords = {notion,to read}
}

@misc{gramopadhye_generating_2022,
  title = {Generating {{Executable Action Plans}} with {{Environmentally-Aware Language Models}}},
  author = {Gramopadhye, Maitrey and Szafir, Daniel},
  year = {2022},
  month = oct,
  number = {arXiv:2210.04964},
  eprint = {2210.04964},
  primaryclass = {cs},
  publisher = {{arXiv}},
  doi = {10.48550/arXiv.2210.04964},
  url = {http://arxiv.org/abs/2210.04964},
  urldate = {2022-10-14},
  archiveprefix = {arxiv},
  keywords = {Computer Science - Artificial Intelligence,Computer Science - Computation and Language,Computer Science - Robotics,notion,skimmed}
}

@misc{gu_systematic_2023,
  title = {A {{Systematic Survey}} of {{Prompt Engineering}} on {{Vision-Language Foundation Models}}},
  author = {Gu, Jindong and Han, Zhen and Chen, Shuo and Beirami, Ahmad and He, Bailan and Zhang, Gengyuan and Liao, Ruotong and Qin, Yao and Tresp, Volker and Torr, Philip},
  year = {2023},
  month = jul,
  number = {arXiv:2307.12980},
  eprint = {2307.12980},
  primaryclass = {cs},
  publisher = {{arXiv}},
  doi = {10.48550/arXiv.2307.12980},
  url = {http://arxiv.org/abs/2307.12980},
  urldate = {2023-09-02},
  archiveprefix = {arxiv},
  keywords = {Computer Science - Computer Vision and Pattern Recognition,notion}
}

@inproceedings{gulcehre_rl_2020,
  title = {{{RL Unplugged}}: {{A Suite}} of {{Benchmarks}} for {{Offline Reinforcement Learning}}},
  shorttitle = {{{RL Unplugged}}},
  booktitle = {Advances in {{Neural Information Processing Systems}}},
  author = {Gulcehre, Caglar and Wang, Ziyu and Novikov, Alexander and Paine, Thomas and G{\'o}mez, Sergio and Zolna, Konrad and Agarwal, Rishabh and Merel, Josh S and Mankowitz, Daniel J and Paduraru, Cosmin and {Dulac-Arnold}, Gabriel and Li, Jerry and Norouzi, Mohammad and Hoffman, Matthew and Heess, Nicolas and {de Freitas}, Nando},
  year = {2020},
  volume = {33},
  pages = {7248--7259},
  publisher = {{Curran Associates, Inc.}},
  url = {https://proceedings.neurips.cc/paper/2020/hash/51200d29d1fc15f5a71c1dab4bb54f7c-Abstract.html},
  urldate = {2023-03-02}
}

@techreport{gumbel_statistical_1954,
  title = {Statistical {{Theory}} of {{Extreme Values}} and {{Some Practical Applications}}. {{A Series}} of {{Lectures}}.},
  author = {Gumbel, E. J.},
  year = {1954},
  number = {PB175818},
  institution = {{National Bureau of Standards, Washington, D. C. Applied Mathematics Div.}},
  url = {https://ntrl.ntis.gov/NTRL/dashboard/searchResults/titleDetail/PB175818.xhtml},
  urldate = {2023-08-23},
  keywords = {Aeronautics,Bacteria,Climatology,Control,Distribution theory,Extreme-value problem,Floods,Life expectancy,notion,Probability,Quality control,Radioactivity,Sampling,Statistical analysis}
}

@article{guo_deep_2019,
  title = {Deep {{Multimodal Representation Learning}}: {{A Survey}}},
  shorttitle = {Deep {{Multimodal Representation Learning}}},
  author = {Guo, Wenzhong and Wang, Jianwen and Wang, Shiping},
  year = {2019},
  journal = {IEEE Access},
  volume = {7},
  pages = {63373--63394},
  issn = {2169-3536},
  doi = {10.1109/ACCESS.2019.2916887},
  keywords = {Data mining,Decoding,Deep learning,deep multimodal fusion,Feature extraction,multimodal adversarial learning,multimodal deep learning,Multimodal representation learning,multimodal translation,Semantics,Speech recognition,Task analysis}
}

@inproceedings{gupta_can_2022,
  title = {Can {{Active Sampling Reduce Causal Confusion}} in {{Offline Reinforcement Learning}}?},
  booktitle = {{{NeurIPS ML Safety Workshop}}},
  author = {Gupta, Gunshi and Rudner, Tim G. J. and McAllister, Rowan Thomas and Gaidon, Adrien and Gal, Yarin},
  year = {2022},
  month = dec,
  url = {https://openreview.net/forum?id=FL6-zXu4s8O},
  urldate = {2023-02-15},
  langid = {english},
  keywords = {skimmed}
}

@article{haddadin_franka_2022,
  title = {The {{Franka Emika Robot}}: {{A Reference Platform}} for {{Robotics Research}} and {{Education}}},
  shorttitle = {The {{Franka Emika Robot}}},
  author = {Haddadin, Sami and Parusel, Sven and Johannsmeier, Lars and Golz, Saskia and Gabl, Simon and Walch, Florian and Sabaghian, Mohamadreza and J{\"a}hne, Christoph and Hausperger, Lukas and Haddadin, Simon},
  year = {2022},
  month = jun,
  journal = {IEEE Robotics \& Automation Magazine},
  volume = {29},
  number = {2},
  pages = {46--64},
  issn = {1558-223X},
  doi = {10.1109/MRA.2021.3138382},
  keywords = {Artificial intelligence,Education,Research and development,Robot kinematics,Robot sensing systems,Robots,Sensors,Service robots}
}

@misc{hafner_mastering_2023,
  title = {Mastering {{Diverse Domains}} through {{World Models}}},
  author = {Hafner, Danijar and Pasukonis, Jurgis and Ba, Jimmy and Lillicrap, Timothy},
  year = {2023},
  month = jan,
  number = {arXiv:2301.04104},
  eprint = {2301.04104},
  primaryclass = {cs, stat},
  publisher = {{arXiv}},
  doi = {10.48550/arXiv.2301.04104},
  url = {http://arxiv.org/abs/2301.04104},
  urldate = {2023-02-07},
  archiveprefix = {arxiv},
  keywords = {Computer Science - Artificial Intelligence,Computer Science - Machine Learning,dreamerv3: RL's ImageNet?,model-based,notion,skimmed,Statistics - Machine Learning}
}

@article{harnad_symbol_1990,
  title = {The Symbol Grounding Problem},
  author = {Harnad, Stevan},
  year = {1990},
  month = jun,
  journal = {Physica D: Nonlinear Phenomena},
  volume = {42},
  number = {1},
  pages = {335--346},
  issn = {0167-2789},
  doi = {10.1016/0167-2789(90)90087-6},
  url = {https://www.sciencedirect.com/science/article/pii/0167278990900876},
  urldate = {2023-08-21}
}

@article{hayes_practical_2022,
  title = {A Practical Guide to Multi-Objective Reinforcement Learning and Planning},
  author = {Hayes, Conor F. and R{\u a}dulescu, Roxana and Bargiacchi, Eugenio and K{\"a}llstr{\"o}m, Johan and Macfarlane, Matthew and Reymond, Mathieu and Verstraeten, Timothy and Zintgraf, Luisa M. and Dazeley, Richard and Heintz, Fredrik and Howley, Enda and Irissappane, Athirai A. and Mannion, Patrick and Now{\'e}, Ann and Ramos, Gabriel and Restelli, Marcello and Vamplew, Peter and Roijers, Diederik M.},
  year = {2022},
  month = apr,
  journal = {Autonomous Agents and Multi-Agent Systems},
  volume = {36},
  number = {1},
  pages = {26},
  issn = {1573-7454},
  doi = {10.1007/s10458-022-09552-y},
  url = {https://doi.org/10.1007/s10458-022-09552-y},
  urldate = {2022-11-16},
  langid = {english},
  keywords = {Multi-objective decision making,Multi-objective multi-agent systems,Multi-objective planning,Multi-objective reinforcement learning,notion,read}
}

@inproceedings{he_deep_2016,
  title = {Deep {{Residual Learning}} for {{Image Recognition}}},
  booktitle = {2016 {{IEEE Conference}} on {{Computer Vision}} and {{Pattern Recognition}} ({{CVPR}})},
  author = {He, Kaiming and Zhang, Xiangyu and Ren, Shaoqing and Sun, Jian},
  year = {2016},
  month = jun,
  pages = {770--778},
  issn = {1063-6919},
  doi = {10.1109/CVPR.2016.90},
  keywords = {Complexity theory,Degradation,Image recognition,Image segmentation,Neural networks,Training,Visualization}
}

@misc{hendrycks_overview_2023,
  title = {An {{Overview}} of {{Catastrophic AI Risks}}},
  author = {Hendrycks, Dan and Mazeika, Mantas and Woodside, Thomas},
  year = {2023},
  month = jul,
  number = {arXiv:2306.12001},
  eprint = {2306.12001},
  primaryclass = {cs},
  publisher = {{arXiv}},
  doi = {10.48550/arXiv.2306.12001},
  url = {http://arxiv.org/abs/2306.12001},
  urldate = {2023-08-03},
  archiveprefix = {arxiv},
  keywords = {Computer Science - Artificial Intelligence,Computer Science - Computers and Society,Computer Science - Machine Learning,notion}
}

@misc{hendrycks_unsolved_2022,
  title = {Unsolved {{Problems}} in {{ML Safety}}},
  author = {Hendrycks, Dan and Carlini, Nicholas and Schulman, John and Steinhardt, Jacob},
  year = {2022},
  month = jun,
  number = {arXiv:2109.13916},
  eprint = {2109.13916},
  primaryclass = {cs},
  publisher = {{arXiv}},
  doi = {10.48550/arXiv.2109.13916},
  url = {http://arxiv.org/abs/2109.13916},
  urldate = {2022-07-28},
  archiveprefix = {arxiv},
  keywords = {Computer Science - Artificial Intelligence,Computer Science - Computation and Language,Computer Science - Computer Vision and Pattern Recognition,Computer Science - Machine Learning,notion,read}
}

@misc{hertz_prompt--prompt_2022,
  title = {Prompt-to-{{Prompt Image Editing}} with {{Cross Attention Control}}},
  author = {Hertz, Amir and Mokady, Ron and Tenenbaum, Jay and Aberman, Kfir and Pritch, Yael and {Cohen-Or}, Daniel},
  year = {2022},
  month = aug,
  number = {arXiv:2208.01626},
  eprint = {2208.01626},
  primaryclass = {cs},
  publisher = {{arXiv}},
  doi = {10.48550/arXiv.2208.01626},
  url = {http://arxiv.org/abs/2208.01626},
  urldate = {2022-11-15},
  archiveprefix = {arxiv},
  keywords = {Computer Science - Computation and Language,Computer Science - Computer Vision and Pattern Recognition,Computer Science - Graphics,Computer Science - Machine Learning,notion,read}
}

@misc{hilton_scaling_2023,
  ids = {hilton_scaling_2023-1},
  title = {Scaling Laws for Single-Agent Reinforcement Learning},
  author = {Hilton, Jacob and Tang, Jie and Schulman, John},
  year = {2023},
  month = jan,
  number = {arXiv:2301.13442},
  eprint = {2301.13442},
  primaryclass = {cs, stat},
  publisher = {{arXiv}},
  doi = {10.48550/arXiv.2301.13442},
  url = {http://arxiv.org/abs/2301.13442},
  urldate = {2023-02-02},
  archiveprefix = {arxiv},
  keywords = {{actual scaling laws in RL: model size, data, loss scale relations},Computer Science - Artificial Intelligence,Computer Science - Machine Learning,notion,Statistics - Machine Learning}
}

@inproceedings{ho_generative_2016,
  title = {Generative {{Adversarial Imitation Learning}}},
  booktitle = {Advances in {{Neural Information Processing Systems}}},
  author = {Ho, Jonathan and Ermon, Stefano},
  year = {2016},
  volume = {29},
  publisher = {{Curran Associates, Inc.}},
  url = {https://proceedings.neurips.cc/paper/2016/hash/cc7e2b878868cbae992d1fb743995d8f-Abstract.html},
  urldate = {2022-09-08},
  keywords = {notion}
}

@misc{hoffmann_training_2022,
  title = {Training {{Compute-Optimal Large Language Models}}},
  author = {Hoffmann, Jordan and Borgeaud, Sebastian and Mensch, Arthur and Buchatskaya, Elena and Cai, Trevor and Rutherford, Eliza and Casas, Diego de Las and Hendricks, Lisa Anne and Welbl, Johannes and Clark, Aidan and Hennigan, Tom and Noland, Eric and Millican, Katie and van den Driessche, George and Damoc, Bogdan and Guy, Aurelia and Osindero, Simon and Simonyan, Karen and Elsen, Erich and Rae, Jack W. and Vinyals, Oriol and Sifre, Laurent},
  year = {2022},
  month = mar,
  number = {arXiv:2203.15556},
  eprint = {2203.15556},
  primaryclass = {cs},
  publisher = {{arXiv}},
  doi = {10.48550/arXiv.2203.15556},
  url = {http://arxiv.org/abs/2203.15556},
  urldate = {2022-08-16},
  archiveprefix = {arxiv},
  keywords = {chinchilla,Computer Science - Computation and Language,Computer Science - Machine Learning}
}

@incollection{houben_inspect_2022,
  title = {Inspect, {{Understand}}, {{Overcome}}: {{A Survey}} of {{Practical Methods}} for {{AI Safety}}},
  shorttitle = {Inspect, {{Understand}}, {{Overcome}}},
  booktitle = {Deep {{Neural Networks}} and {{Data}} for {{Automated Driving}}: {{Robustness}}, {{Uncertainty Quantification}}, and {{Insights Towards Safety}}},
  author = {Houben, Sebastian and Abrecht, Stephanie and Akila, Maram and B{\"a}r, Andreas and Brockherde, Felix and Feifel, Patrick and Fingscheidt, Tim and Gannamaneni, Sujan Sai and Ghobadi, Seyed Eghbal and Hammam, Ahmed and Haselhoff, Anselm and Hauser, Felix and Heinzemann, Christian and Hoffmann, Marco and Kapoor, Nikhil and Kappel, Falk and Klingner, Marvin and Kronenberger, Jan and K{\"u}ppers, Fabian and L{\"o}hdefink, Jonas and Mlynarski, Michael and Mock, Michael and Mualla, Firas and Pavlitskaya, Svetlana and Poretschkin, Maximilian and Pohl, Alexander and {Ravi-Kumar}, Varun and Rosenzweig, Julia and Rottmann, Matthias and R{\"u}ping, Stefan and S{\"a}mann, Timo and Schneider, Jan David and Schulz, Elena and Schwalbe, Gesina and Sicking, Joachim and Srivastava, Toshika and Varghese, Serin and Weber, Michael and Wirkert, Sebastian and Wirtz, Tim and Woehrle, Matthias},
  editor = {Fingscheidt, Tim and Gottschalk, Hanno and Houben, Sebastian},
  year = {2022},
  pages = {3--78},
  publisher = {{Springer International Publishing}},
  address = {{Cham}},
  doi = {10.1007/978-3-031-01233-4_1},
  url = {https://doi.org/10.1007/978-3-031-01233-4_1},
  urldate = {2023-03-03},
  isbn = {978-3-031-01233-4},
  langid = {english}
}

@misc{hubinger_risks_2021,
  title = {Risks from {{Learned Optimization}} in {{Advanced Machine Learning Systems}}},
  author = {Hubinger, Evan and {van Merwijk}, Chris and Mikulik, Vladimir and Skalse, Joar and Garrabrant, Scott},
  year = {2021},
  month = dec,
  number = {arXiv:1906.01820},
  eprint = {1906.01820},
  primaryclass = {cs},
  publisher = {{arXiv}},
  doi = {10.48550/arXiv.1906.01820},
  url = {http://arxiv.org/abs/1906.01820},
  urldate = {2023-02-15},
  archiveprefix = {arxiv},
  keywords = {Computer Science - Artificial Intelligence}
}

@misc{humphreys_data-driven_2022,
  title = {A Data-Driven Approach for Learning to Control Computers},
  author = {Humphreys, Peter C. and Raposo, David and Pohlen, Toby and Thornton, Gregory and Chhaparia, Rachita and Muldal, Alistair and Abramson, Josh and Georgiev, Petko and Goldin, Alex and Santoro, Adam and Lillicrap, Timothy},
  year = {2022},
  month = feb,
  number = {arXiv:2202.08137},
  eprint = {2202.08137},
  primaryclass = {cs},
  publisher = {{arXiv}},
  doi = {10.48550/arXiv.2202.08137},
  url = {http://arxiv.org/abs/2202.08137},
  urldate = {2022-09-28},
  archiveprefix = {arxiv},
  keywords = {Computer Science - Machine Learning,notion,to read}
}

@misc{hupkes_state---art_2022,
  title = {State-of-the-Art Generalisation Research in {{NLP}}: A Taxonomy and Review},
  shorttitle = {State-of-the-Art Generalisation Research in {{NLP}}},
  author = {Hupkes, Dieuwke and Giulianelli, Mario and Dankers, Verna and Artetxe, Mikel and Elazar, Yanai and Pimentel, Tiago and Christodoulopoulos, Christos and Lasri, Karim and Saphra, Naomi and Sinclair, Arabella and Ulmer, Dennis and Schottmann, Florian and Batsuren, Khuyagbaatar and Sun, Kaiser and Sinha, Koustuv and Khalatbari, Leila and Ryskina, Maria and Frieske, Rita and Cotterell, Ryan and Jin, Zhijing},
  year = {2022},
  month = oct,
  number = {arXiv:2210.03050},
  eprint = {2210.03050},
  primaryclass = {cs},
  publisher = {{arXiv}},
  doi = {10.48550/arXiv.2210.03050},
  url = {http://arxiv.org/abs/2210.03050},
  urldate = {2023-01-06},
  archiveprefix = {arxiv},
  keywords = {Computer Science - Artificial Intelligence,Computer Science - Computation and Language}
}

@article{hutsebaut-buysse_hierarchical_2022,
  title = {Hierarchical {{Reinforcement Learning}}: {{A Survey}} and {{Open Research Challenges}}},
  shorttitle = {Hierarchical {{Reinforcement Learning}}},
  author = {{Hutsebaut-Buysse}, Matthias and Mets, Kevin and Latr{\'e}, Steven},
  year = {2022},
  month = mar,
  journal = {Machine Learning and Knowledge Extraction},
  volume = {4},
  number = {1},
  pages = {172--221},
  publisher = {{Multidisciplinary Digital Publishing Institute}},
  issn = {2504-4990},
  doi = {10.3390/make4010009},
  url = {https://www.mdpi.com/2504-4990/4/1/9},
  urldate = {2023-04-03},
  copyright = {http://creativecommons.org/licenses/by/3.0/},
  langid = {english},
  keywords = {deep reinforcement learning,hierarchical reinforcement learning,notion,reinforcement learning}
}

@inproceedings{ibarz_reward_2018,
  title = {Reward Learning from Human Preferences and Demonstrations in {{Atari}}},
  booktitle = {Proceedings of the 32nd {{International Conference}} on {{Neural Information Processing Systems}}},
  author = {Ibarz, Borja and Leike, Jan and Pohlen, Tobias and Irving, Geoffrey and Legg, Shane and Amodei, Dario},
  year = {2018},
  month = dec,
  series = {{{NIPS}}'18},
  pages = {8022--8034},
  publisher = {{Curran Associates Inc.}},
  address = {{Red Hook, NY, USA}},
  urldate = {2022-11-09}
}

@misc{ilharco_openclip_2021,
  title = {{{OpenCLIP}}},
  author = {Ilharco, Gabriel and Wortsman, Mitchell and Carlini, Nicholas and Taori, Rohan and Dave, Achal and Shankar, Vaishaal and Namkoong, Hongseok and Miller, John and Hajishirzi, Hannaneh and Farhadi, Ali and Schmidt, Ludwig},
  year = {2021},
  month = jul,
  doi = {10.5281/zenodo.5143773},
  url = {https://zenodo.org/record/5143773},
  urldate = {2023-08-23},
  howpublished = {Zenodo},
  keywords = {notion}
}

@inproceedings{jansen_visually-grounded_2020,
  title = {Visually-{{Grounded Planning}} without {{Vision}}: {{Language Models Infer Detailed Plans}} from {{High-level Instructions}}},
  shorttitle = {Visually-{{Grounded Planning}} without {{Vision}}},
  booktitle = {Findings of the {{Association}} for {{Computational Linguistics}}: {{EMNLP}} 2020},
  author = {Jansen, Peter},
  year = {2020},
  month = nov,
  pages = {4412--4417},
  publisher = {{Association for Computational Linguistics}},
  address = {{Online}},
  doi = {10.18653/v1/2020.findings-emnlp.395},
  url = {https://aclanthology.org/2020.findings-emnlp.395},
  urldate = {2023-02-21},
  keywords = {ALFRED,grounding without vision,not useful,notion,skimmed}
}

@inproceedings{jia_scaling_2021,
  title = {Scaling {{Up Visual}} and {{Vision-Language Representation Learning With Noisy Text Supervision}}},
  booktitle = {Proceedings of the 38th {{International Conference}} on {{Machine Learning}}},
  author = {Jia, Chao and Yang, Yinfei and Xia, Ye and Chen, Yi-Ting and Parekh, Zarana and Pham, Hieu and Le, Quoc and Sung, Yun-Hsuan and Li, Zhen and Duerig, Tom},
  year = {2021},
  month = jul,
  pages = {4904--4916},
  publisher = {{PMLR}},
  issn = {2640-3498},
  url = {https://proceedings.mlr.press/v139/jia21b.html},
  urldate = {2023-04-17},
  langid = {english},
  keywords = {ALIGN}
}

@inproceedings{jiang_language_2019,
  title = {Language as an {{Abstraction}} for {{Hierarchical Deep Reinforcement Learning}}},
  booktitle = {Advances in {{Neural Information Processing Systems}}},
  author = {Jiang, YiDing and Gu, Shixiang (Shane) and Murphy, Kevin P and Finn, Chelsea},
  year = {2019},
  volume = {32},
  publisher = {{Curran Associates, Inc.}},
  url = {https://proceedings.neurips.cc/paper/2019/hash/0af787945872196b42c9f73ead2565c8-Abstract.html},
  urldate = {2023-04-03},
  keywords = {notion,skimmed}
}

@misc{jiang_vima_2022,
  title = {{{VIMA}}: {{General Robot Manipulation}} with {{Multimodal Prompts}}},
  shorttitle = {{{VIMA}}},
  author = {Jiang, Yunfan and Gupta, Agrim and Zhang, Zichen and Wang, Guanzhi and Dou, Yongqiang and Chen, Yanjun and {Fei-Fei}, Li and Anandkumar, Anima and Zhu, Yuke and Fan, Linxi},
  year = {2022},
  month = oct,
  number = {arXiv:2210.03094},
  eprint = {2210.03094},
  primaryclass = {cs},
  publisher = {{arXiv}},
  doi = {10.48550/arXiv.2210.03094},
  url = {http://arxiv.org/abs/2210.03094},
  urldate = {2023-02-06},
  archiveprefix = {arxiv},
  keywords = {Computer Science - Artificial Intelligence,Computer Science - Machine Learning,Computer Science - Robotics,notion,skimmed}
}

@misc{jiang_yunfan_vima_2022,
  title = {{{VIMA}}: {{General Robot Manipulation}} with {{Multimodal Prompts}}},
  shorttitle = {{{VIMA}}},
  author = {Jiang, Yunfan and Gupta, Agrim and Zhang, Zichen and Wang, Guanzhi and Dou, Yongqiang and Chen, Yanjun and {Li, Fei-Fei} and Anandkumar, Anima and Zhu, Yuke and Fan, Linxi},
  year = {2022},
  month = sep,
  publisher = {{Zenodo}},
  doi = {10.5281/ZENODO.7127587},
  url = {https://zenodo.org/record/7127587},
  urldate = {2022-10-14},
  copyright = {Creative Commons Attribution 4.0 International, Open Access}
}

@inproceedings{jothimurugan_composable_2019,
  title = {A {{Composable Specification Language}} for {{Reinforcement Learning Tasks}}},
  booktitle = {Advances in {{Neural Information Processing Systems}}},
  author = {Jothimurugan, Kishor and Alur, Rajeev and Bastani, Osbert},
  year = {2019},
  volume = {32},
  publisher = {{Curran Associates, Inc.}},
  url = {https://proceedings.neurips.cc/paper/2019/hash/f5aa4bd09c07d8b2f65bad6c7cd3358f-Abstract.html},
  urldate = {2023-03-02}
}

@article{jumper_highly_2021,
  title = {Highly Accurate Protein Structure Prediction with {{AlphaFold}}},
  author = {Jumper, John and Evans, Richard and Pritzel, Alexander and Green, Tim and Figurnov, Michael and Ronneberger, Olaf and Tunyasuvunakool, Kathryn and Bates, Russ and {\v Z}{\'i}dek, Augustin and Potapenko, Anna and Bridgland, Alex and Meyer, Clemens and Kohl, Simon A. A. and Ballard, Andrew J. and Cowie, Andrew and {Romera-Paredes}, Bernardino and Nikolov, Stanislav and Jain, Rishub and Adler, Jonas and Back, Trevor and Petersen, Stig and Reiman, David and Clancy, Ellen and Zielinski, Michal and Steinegger, Martin and Pacholska, Michalina and Berghammer, Tamas and Bodenstein, Sebastian and Silver, David and Vinyals, Oriol and Senior, Andrew W. and Kavukcuoglu, Koray and Kohli, Pushmeet and Hassabis, Demis},
  year = {2021},
  month = aug,
  journal = {Nature},
  volume = {596},
  number = {7873},
  pages = {583--589},
  publisher = {{Nature Publishing Group}},
  issn = {1476-4687},
  doi = {10.1038/s41586-021-03819-2},
  url = {https://www.nature.com/articles/s41586-021-03819-2},
  urldate = {2023-03-01},
  copyright = {2021 The Author(s)},
  langid = {english},
  keywords = {Computational biophysics,Machine learning,Protein structure predictions,Structural biology}
}

@inproceedings{kalashnikov_scalable_2018,
  title = {Scalable {{Deep Reinforcement Learning}} for {{Vision-Based Robotic Manipulation}}},
  booktitle = {Proceedings of {{The}} 2nd {{Conference}} on {{Robot Learning}}},
  author = {Kalashnikov, Dmitry and Irpan, Alex and Pastor, Peter and Ibarz, Julian and Herzog, Alexander and Jang, Eric and Quillen, Deirdre and Holly, Ethan and Kalakrishnan, Mrinal and Vanhoucke, Vincent and Levine, Sergey},
  year = {2018},
  month = oct,
  pages = {651--673},
  publisher = {{PMLR}},
  issn = {2640-3498},
  url = {https://proceedings.mlr.press/v87/kalashnikov18a.html},
  urldate = {2023-03-02},
  langid = {english},
  keywords = {qt-opt}
}

@misc{kaplan_scaling_2020,
  title = {Scaling {{Laws}} for {{Neural Language Models}}},
  author = {Kaplan, Jared and McCandlish, Sam and Henighan, Tom and Brown, Tom B. and Chess, Benjamin and Child, Rewon and Gray, Scott and Radford, Alec and Wu, Jeffrey and Amodei, Dario},
  year = {2020},
  month = jan,
  number = {arXiv:2001.08361},
  eprint = {2001.08361},
  primaryclass = {cs, stat},
  publisher = {{arXiv}},
  doi = {10.48550/arXiv.2001.08361},
  url = {http://arxiv.org/abs/2001.08361},
  urldate = {2023-01-03},
  archiveprefix = {arxiv},
  keywords = {Computer Science - Machine Learning,Statistics - Machine Learning}
}

@misc{kawar_imagic_2022,
  title = {Imagic: {{Text-Based Real Image Editing}} with {{Diffusion Models}}},
  shorttitle = {Imagic},
  author = {Kawar, Bahjat and Zada, Shiran and Lang, Oran and Tov, Omer and Chang, Huiwen and Dekel, Tali and Mosseri, Inbar and Irani, Michal},
  year = {2022},
  month = oct,
  number = {arXiv:2210.09276},
  eprint = {2210.09276},
  primaryclass = {cs},
  publisher = {{arXiv}},
  doi = {10.48550/arXiv.2210.09276},
  url = {http://arxiv.org/abs/2210.09276},
  urldate = {2022-10-20},
  archiveprefix = {arxiv},
  keywords = {Computer Science - Computer Vision and Pattern Recognition,notion,to read}
}

@misc{khattab_demonstrate-search-predict_2022,
  title = {Demonstrate-{{Search-Predict}}: {{Composing}} Retrieval and Language Models for Knowledge-Intensive {{NLP}}},
  shorttitle = {Demonstrate-{{Search-Predict}}},
  author = {Khattab, Omar and Santhanam, Keshav and Li, Xiang Lisa and Hall, David and Liang, Percy and Potts, Christopher and Zaharia, Matei},
  year = {2022},
  month = dec,
  number = {arXiv:2212.14024},
  eprint = {2212.14024},
  primaryclass = {cs},
  publisher = {{arXiv}},
  doi = {10.48550/arXiv.2212.14024},
  url = {http://arxiv.org/abs/2212.14024},
  urldate = {2023-01-05},
  archiveprefix = {arxiv},
  keywords = {Computer Science - Computation and Language,Computer Science - Information Retrieval,notion,to read}
}

@inproceedings{kingma_adam_2015,
  title = {Adam: {{A}} Method for Stochastic Optimization},
  booktitle = {3rd International Conference on Learning Representations, {{ICLR}} 2015, San Diego, {{CA}}, {{USA}}, May 7-9, 2015, Conference Track Proceedings},
  author = {Kingma, Diederik P. and Ba, Jimmy},
  editor = {Bengio, Yoshua and LeCun, Yann},
  year = {2015},
  url = {http://arxiv.org/abs/1412.6980},
  bibsource = {dblp computer science bibliography, https://dblp.org},
  biburl = {https://dblp.org/rec/journals/corr/KingmaB14.bib},
  keywords = {notion},
  timestamp = {Thu, 25 Jul 2019 14:25:37 +0200}
}

@article{kiran_deep_2022,
  title = {Deep {{Reinforcement Learning}} for {{Autonomous Driving}}: {{A Survey}}},
  shorttitle = {Deep {{Reinforcement Learning}} for {{Autonomous Driving}}},
  author = {Kiran, B Ravi and Sobh, Ibrahim and Talpaert, Victor and Mannion, Patrick and Sallab, Ahmad A. Al and Yogamani, Senthil and P{\'e}rez, Patrick},
  year = {2022},
  month = jun,
  journal = {IEEE Transactions on Intelligent Transportation Systems},
  volume = {23},
  number = {6},
  pages = {4909--4926},
  issn = {1558-0016},
  doi = {10.1109/TITS.2021.3054625},
  keywords = {autonomous driving,Autonomous vehicles,controller learning,Decision making,Deep reinforcement learning,imitation learning,inverse reinforcement learning,motion planning,Pipelines,Planning,Reinforcement learning,Robot sensing systems,safe reinforcement learning,Task analysis,trajectory optimisation}
}

@misc{kirk_causal_2022,
  title = {Causal Confusion as an Argument against the Scaling Hypothesis},
  author = {Kirk, Robert and Krueger, David},
  year = {2022},
  month = jun,
  journal = {The AI Alignment Forum},
  url = {https://www.alignmentforum.org/posts/FZL4ftXvcuKmmobmj/causal-confusion-as-an-argument-against-the-scaling},
  urldate = {2023-02-22},
  langid = {english},
  keywords = {notion,read}
}

@book{klopf_brain_1972,
  title = {Brain {{Function}} and {{Adaptive Systems}}: {{A Heterostatic Theory}}},
  shorttitle = {Brain {{Function}} and {{Adaptive Systems}}},
  author = {Klopf, A. Harry},
  year = {1972},
  publisher = {{Air Force Cambridge Research Laboratories, Air Force Systems Command, United States Air Force}},
  googlebooks = {QExVCsabOasC},
  langid = {english}
}

@misc{krakovna_penalizing_2019,
  title = {Penalizing Side Effects Using Stepwise Relative Reachability},
  author = {Krakovna, Victoria and Orseau, Laurent and Kumar, Ramana and Martic, Miljan and Legg, Shane},
  year = {2019},
  month = mar,
  number = {arXiv:1806.01186},
  eprint = {1806.01186},
  primaryclass = {cs, stat},
  publisher = {{arXiv}},
  doi = {10.48550/arXiv.1806.01186},
  url = {http://arxiv.org/abs/1806.01186},
  urldate = {2022-10-14},
  archiveprefix = {arxiv},
  keywords = {Computer Science - Artificial Intelligence,Computer Science - Machine Learning,Statistics - Machine Learning}
}

@misc{krasheninnikov_combining_2021,
  title = {Combining {{Reward Information}} from {{Multiple Sources}}},
  author = {Krasheninnikov, Dmitrii and Shah, Rohin and {van Hoof}, Herke},
  year = {2021},
  month = mar,
  number = {arXiv:2103.12142},
  eprint = {2103.12142},
  primaryclass = {cs},
  publisher = {{arXiv}},
  doi = {10.48550/arXiv.2103.12142},
  url = {http://arxiv.org/abs/2103.12142},
  urldate = {2022-09-07},
  archiveprefix = {arxiv},
  keywords = {Computer Science - Artificial Intelligence,Computer Science - Machine Learning,notion,read}
}

@inproceedings{krizhevsky_imagenet_2012,
  title = {{{ImageNet Classification}} with {{Deep Convolutional Neural Networks}}},
  booktitle = {Advances in {{Neural Information Processing Systems}}},
  author = {Krizhevsky, Alex and Sutskever, Ilya and Hinton, Geoffrey E},
  year = {2012},
  volume = {25},
  publisher = {{Curran Associates, Inc.}},
  url = {https://proceedings.neurips.cc/paper/2012/hash/c399862d3b9d6b76c8436e924a68c45b-Abstract.html},
  urldate = {2023-03-01}
}

@inproceedings{krueger_out--distribution_2021,
  title = {Out-of-{{Distribution Generalization}} via {{Risk Extrapolation}} ({{REx}})},
  booktitle = {Proceedings of the 38th {{International Conference}} on {{Machine Learning}}},
  author = {Krueger, David and Caballero, Ethan and Jacobsen, Joern-Henrik and Zhang, Amy and Binas, Jonathan and Zhang, Dinghuai and Priol, Remi Le and Courville, Aaron},
  year = {2021},
  month = jul,
  pages = {5815--5826},
  publisher = {{PMLR}},
  issn = {2640-3498},
  url = {https://proceedings.mlr.press/v139/krueger21a.html},
  urldate = {2023-02-23},
  langid = {english},
  keywords = {notion,remark 1 is why more data is not enough for CC,skimmed}
}

@article{kruskal_multidimensional_1964,
  title = {Multidimensional Scaling by Optimizing Goodness of Fit to a Nonmetric Hypothesis},
  author = {Kruskal, J. B.},
  year = {1964},
  month = mar,
  journal = {Psychometrika},
  volume = {29},
  number = {1},
  pages = {1--27},
  issn = {1860-0980},
  doi = {10.1007/BF02289565},
  url = {https://doi.org/10.1007/BF02289565},
  urldate = {2023-08-26},
  langid = {english},
  keywords = {Companion Paper,Computer Program,Multidimensional Scaling,notion,Public Policy,Statistical Theory}
}

@inproceedings{kumar_conservative_2020,
  title = {Conservative {{Q-Learning}} for {{Offline Reinforcement Learning}}},
  booktitle = {Advances in {{Neural Information Processing Systems}}},
  author = {Kumar, Aviral and Zhou, Aurick and Tucker, George and Levine, Sergey},
  year = {2020},
  volume = {33},
  pages = {1179--1191},
  publisher = {{Curran Associates, Inc.}},
  url = {https://proceedings.neurips.cc/paper/2020/hash/0d2b2061826a5df3221116a5085a6052-Abstract.html},
  urldate = {2023-03-02},
  keywords = {conservative,Conservative offline RL,CQL}
}

@inproceedings{kumar_stabilizing_2019,
  title = {Stabilizing {{Off-Policy Q-Learning}} via {{Bootstrapping Error Reduction}}},
  booktitle = {Advances in {{Neural Information Processing Systems}}},
  author = {Kumar, Aviral and Fu, Justin and Soh, Matthew and Tucker, George and Levine, Sergey},
  year = {2019},
  volume = {32},
  publisher = {{Curran Associates, Inc.}},
  url = {https://proceedings.neurips.cc/paper/2019/hash/c2073ffa77b5357a498057413bb09d3a-Abstract.html},
  urldate = {2023-03-02}
}

@inproceedings{kumar_using_2022,
  title = {Using Natural Language and Program Abstractions to Instill Human Inductive Biases in Machines},
  booktitle = {Advances in {{Neural Information Processing Systems}}},
  author = {Kumar, Sreejan and Correa, Carlos G. and Dasgupta, Ishita and Marjieh, Raja and Hu, Michael and Hawkins, Robert D. and Cohen, Jonathan and Daw, Nathaniel and Narasimhan, Karthik R. and Griffiths, Thomas L.},
  year = {2022},
  month = oct,
  url = {https://openreview.net/forum?id=buXZ7nIqiwE},
  urldate = {2023-01-02},
  langid = {english},
  keywords = {notion,read}
}

@article{lake_word_2023,
  title = {Word Meaning in Minds and Machines.},
  author = {Lake, Brenden M. and Murphy, Gregory L.},
  year = {2023},
  month = mar,
  journal = {Psychological Review},
  volume = {130},
  number = {2},
  pages = {401--431},
  issn = {1939-1471, 0033-295X},
  doi = {10.1037/rev0000297},
  url = {http://doi.apa.org/getdoi.cfm?doi=10.1037/rev0000297},
  urldate = {2023-08-26},
  langid = {english}
}

@inproceedings{lampinen_tell_2022,
  title = {Tell Me Why! {{Explanations}} Support Learning Relational and Causal Structure},
  booktitle = {Proceedings of the 39th {{International Conference}} on {{Machine Learning}}},
  author = {Lampinen, Andrew K. and Roy, Nicholas and Dasgupta, Ishita and Chan, Stephanie Cy and Tam, Allison and Mcclelland, James and Yan, Chen and Santoro, Adam and Rabinowitz, Neil C. and Wang, Jane and Hill, Felix},
  year = {2022},
  month = jun,
  pages = {11868--11890},
  publisher = {{PMLR}},
  issn = {2640-3498},
  url = {https://proceedings.mlr.press/v162/lampinen22a.html},
  urldate = {2023-01-10},
  langid = {english},
  keywords = {notion,read}
}

@inproceedings{lan_generalization_2022,
  title = {On the {{Generalization}} of {{Representations}} in {{Reinforcement Learning}}},
  booktitle = {Proceedings of {{The}} 25th {{International Conference}} on {{Artificial Intelligence}} and {{Statistics}}},
  author = {Lan, Charline Le and Tu, Stephen and Oberman, Adam and Agarwal, Rishabh and Bellemare, Marc G.},
  year = {2022},
  month = may,
  pages = {4132--4157},
  publisher = {{PMLR}},
  issn = {2640-3498},
  url = {https://proceedings.mlr.press/v151/le-lan22a.html},
  urldate = {2023-02-08},
  langid = {english},
  keywords = {notion,read}
}

@incollection{lange_batch_2012,
  title = {Batch {{Reinforcement Learning}}},
  booktitle = {Reinforcement {{Learning}}: {{State-of-the-Art}}},
  author = {Lange, Sascha and Gabel, Thomas and Riedmiller, Martin},
  editor = {Wiering, Marco and {van Otterlo}, Martijn},
  year = {2012},
  series = {Adaptation, {{Learning}}, and {{Optimization}}},
  pages = {45--73},
  publisher = {{Springer}},
  address = {{Berlin, Heidelberg}},
  doi = {10.1007/978-3-642-27645-3_2},
  url = {https://doi.org/10.1007/978-3-642-27645-3_2},
  urldate = {2023-03-02},
  isbn = {978-3-642-27645-3},
  langid = {english},
  keywords = {Batch Learning,Multiagent System,Neural Information Processing System,Policy Iteration,Reinforcement Learning}
}

@inproceedings{langosco_goal_2022,
  title = {Goal {{Misgeneralization}} in {{Deep Reinforcement Learning}}},
  booktitle = {Proceedings of the 39th {{International Conference}} on {{Machine Learning}}},
  author = {Langosco, Lauro Langosco Di and Koch, Jack and Sharkey, Lee D. and Pfau, Jacob and Krueger, David},
  year = {2022},
  month = jun,
  pages = {12004--12019},
  publisher = {{PMLR}},
  issn = {2640-3498},
  url = {https://proceedings.mlr.press/v162/langosco22a.html},
  urldate = {2023-02-08},
  langid = {english},
  keywords = {notion,read}
}

@article{le-khac_contrastive_2020,
  title = {Contrastive {{Representation Learning}}: {{A Framework}} and {{Review}}},
  shorttitle = {Contrastive {{Representation Learning}}},
  author = {{Le-Khac}, Phuc H. and Healy, Graham and Smeaton, Alan F.},
  year = {2020},
  journal = {IEEE Access},
  volume = {8},
  pages = {193907--193934},
  issn = {2169-3536},
  doi = {10.1109/ACCESS.2020.3031549},
  keywords = {Computational modeling,Contrastive learning,Data models,deep learning,Feature extraction,Learning systems,machine learning,Machine learning,Natural language processing,notion,representation learning,self-supervised learning,Task analysis,unsupervised learning}
}

@article{lecun_backpropagation_1989,
  title = {Backpropagation {{Applied}} to {{Handwritten Zip Code Recognition}}},
  author = {LeCun, Y. and Boser, B. and Denker, J. S. and Henderson, D. and Howard, R. E. and Hubbard, W. and Jackel, L. D.},
  year = {1989},
  month = dec,
  journal = {Neural Computation},
  volume = {1},
  number = {4},
  pages = {541--551},
  issn = {0899-7667},
  doi = {10.1162/neco.1989.1.4.541},
  keywords = {notion}
}

@inproceedings{lee_pebble_2021,
  title = {{{PEBBLE}}: {{Feedback-Efficient Interactive Reinforcement Learning}} via {{Relabeling Experience}} and {{Unsupervised Pre-training}}},
  shorttitle = {{{PEBBLE}}},
  booktitle = {Proceedings of the 38th {{International Conference}} on {{Machine Learning}}},
  author = {Lee, Kimin and Smith, Laura M. and Abbeel, Pieter},
  year = {2021},
  month = jul,
  pages = {6152--6163},
  publisher = {{PMLR}},
  issn = {2640-3498},
  url = {https://proceedings.mlr.press/v139/lee21i.html},
  urldate = {2022-11-09},
  langid = {english},
  keywords = {continuation of RLHF,notion,read}
}

@misc{leike_ai_2017,
  title = {{{AI Safety Gridworlds}}},
  author = {Leike, Jan and Martic, Miljan and Krakovna, Victoria and Ortega, Pedro A. and Everitt, Tom and Lefrancq, Andrew and Orseau, Laurent and Legg, Shane},
  year = {2017},
  month = nov,
  number = {arXiv:1711.09883},
  eprint = {1711.09883},
  primaryclass = {cs},
  publisher = {{arXiv}},
  doi = {10.48550/arXiv.1711.09883},
  url = {http://arxiv.org/abs/1711.09883},
  urldate = {2023-02-20},
  archiveprefix = {arxiv},
  keywords = {Computer Science - Artificial Intelligence,Computer Science - Machine Learning}
}

@misc{levine_offline_2020,
  title = {Offline {{Reinforcement Learning}}: {{Tutorial}}, {{Review}}, and {{Perspectives}} on {{Open Problems}}},
  shorttitle = {Offline {{Reinforcement Learning}}},
  author = {Levine, Sergey and Kumar, Aviral and Tucker, George and Fu, Justin},
  year = {2020},
  month = nov,
  number = {arXiv:2005.01643},
  eprint = {2005.01643},
  primaryclass = {cs, stat},
  publisher = {{arXiv}},
  doi = {10.48550/arXiv.2005.01643},
  url = {http://arxiv.org/abs/2005.01643},
  urldate = {2023-02-14},
  archiveprefix = {arxiv},
  keywords = {Computer Science - Artificial Intelligence,Computer Science - Machine Learning,Statistics - Machine Learning}
}

@misc{li_blip-2_2023,
  title = {{{BLIP-2}}: {{Bootstrapping Language-Image Pre-training}} with {{Frozen Image Encoders}} and {{Large Language Models}}},
  shorttitle = {{{BLIP-2}}},
  author = {Li, Junnan and Li, Dongxu and Savarese, Silvio and Hoi, Steven},
  year = {2023},
  month = jun,
  number = {arXiv:2301.12597},
  eprint = {2301.12597},
  primaryclass = {cs},
  publisher = {{arXiv}},
  doi = {10.48550/arXiv.2301.12597},
  url = {http://arxiv.org/abs/2301.12597},
  urldate = {2023-09-02},
  archiveprefix = {arxiv},
  keywords = {Computer Science - Computer Vision and Pattern Recognition,notion}
}

@misc{li_lampp_2023,
  title = {{{LaMPP}}: {{Language Models}} as {{Probabilistic Priors}} for {{Perception}} and {{Action}}},
  shorttitle = {{{LaMPP}}},
  author = {Li, Belinda Z. and Chen, William and Sharma, Pratyusha and Andreas, Jacob},
  year = {2023},
  month = feb,
  number = {arXiv:2302.02801},
  eprint = {2302.02801},
  primaryclass = {cs},
  publisher = {{arXiv}},
  doi = {10.48550/arXiv.2302.02801},
  url = {http://arxiv.org/abs/2302.02801},
  urldate = {2023-03-07},
  archiveprefix = {arxiv},
  keywords = {Computer Science - Computation and Language,Computer Science - Machine Learning,notion}
}

@misc{li_learning_2022,
  title = {Learning {{Invariable Semantical Representation}} from {{Language}} for {{Extensible Policy Generalization}}},
  author = {Li, Yihan and Ren, Jinsheng and Xu, Tianrun and Zhang, Tianren and Gao, Haichuan and Chen, Feng},
  year = {2022},
  month = jan,
  number = {arXiv:2202.00466},
  eprint = {2202.00466},
  primaryclass = {cs},
  publisher = {{arXiv}},
  doi = {10.48550/arXiv.2202.00466},
  url = {http://arxiv.org/abs/2202.00466},
  urldate = {2023-04-03},
  archiveprefix = {arxiv},
  keywords = {Computer Science - Artificial Intelligence,Computer Science - Computation and Language,notion,skimmed}
}

@inproceedings{lin_inferring_2022,
  title = {Inferring {{Rewards}} from {{Language}} in {{Context}}},
  booktitle = {Proceedings of the 60th {{Annual Meeting}} of the {{Association}} for {{Computational Linguistics}} ({{Volume}} 1: {{Long Papers}})},
  author = {Lin, Jessy and Fried, Daniel and Klein, Dan and Dragan, Anca},
  year = {2022},
  month = may,
  pages = {8546--8560},
  publisher = {{Association for Computational Linguistics}},
  address = {{Dublin, Ireland}},
  doi = {10.18653/v1/2022.acl-long.585},
  url = {https://aclanthology.org/2022.acl-long.585},
  urldate = {2023-01-21},
  keywords = {{d klein, colleague of j steinhardt},notion,read}
}

@misc{lindner_humans_2022,
  title = {Humans Are Not {{Boltzmann Distributions}}: {{Challenges}} and {{Opportunities}} for {{Modelling Human Feedback}} and {{Interaction}} in {{Reinforcement Learning}}},
  shorttitle = {Humans Are Not {{Boltzmann Distributions}}},
  author = {Lindner, David and {El-Assady}, Mennatallah},
  year = {2022},
  month = jun,
  number = {arXiv:2206.13316},
  eprint = {2206.13316},
  primaryclass = {cs, stat},
  publisher = {{arXiv}},
  doi = {10.48550/arXiv.2206.13316},
  url = {http://arxiv.org/abs/2206.13316},
  urldate = {2022-09-07},
  archiveprefix = {arxiv},
  keywords = {Computer Science - Human-Computer Interaction,Computer Science - Machine Learning,notion,read,Statistics - Machine Learning}
}

@inproceedings{lindner_information_2021,
  title = {Information {{Directed Reward Learning}} for {{Reinforcement Learning}}},
  booktitle = {Advances in {{Neural Information Processing Systems}}},
  author = {Lindner, David and Turchetta, Matteo and Tschiatschek, Sebastian and Ciosek, Kamil and Krause, Andreas},
  year = {2021},
  volume = {34},
  pages = {3850--3862},
  publisher = {{Curran Associates, Inc.}},
  url = {https://proceedings.neurips.cc/paper/2021/hash/1fa6269f58898f0e809575c9a48747ef-Abstract.html},
  urldate = {2023-01-19},
  keywords = {david lindner,notion,RLHF + active learning,to read}
}

@inproceedings{lindner_interactively_2022,
  title = {Interactively {{Learning Preference Constraints}} in {{Linear Bandits}}},
  booktitle = {Proceedings of the 39th {{International Conference}} on {{Machine Learning}}},
  author = {Lindner, David and Tschiatschek, Sebastian and Hofmann, Katja and Krause, Andreas},
  year = {2022},
  month = jun,
  pages = {13505--13527},
  publisher = {{PMLR}},
  issn = {2640-3498},
  url = {https://proceedings.mlr.press/v162/lindner22a.html},
  urldate = {2023-01-19},
  langid = {english},
  keywords = {david lindner,notion,to read}
}

@inproceedings{linzen_how_2020,
  title = {How {{Can We Accelerate Progress Towards Human-like Linguistic Generalization}}?},
  booktitle = {Proceedings of the 58th {{Annual Meeting}} of the {{Association}} for {{Computational Linguistics}}},
  author = {Linzen, Tal},
  year = {2020},
  pages = {5210--5217},
  publisher = {{Association for Computational Linguistics}},
  address = {{Online}},
  doi = {10.18653/v1/2020.acl-main.465},
  url = {https://www.aclweb.org/anthology/2020.acl-main.465},
  urldate = {2023-08-26},
  langid = {english}
}

@inproceedings{liu_goal-conditioned_2022,
  title = {Goal-{{Conditioned Reinforcement Learning}}: {{Problems}} and {{Solutions}}},
  shorttitle = {Goal-{{Conditioned Reinforcement Learning}}},
  booktitle = {Thirty-{{First International Joint Conference}} on {{Artificial Intelligence}}},
  author = {Liu, Minghuan and Zhu, Menghui and Zhang, Weinan},
  year = {2022},
  month = jul,
  volume = {6},
  pages = {5502--5511},
  issn = {1045-0823},
  doi = {10.24963/ijcai.2022/770},
  url = {https://www.ijcai.org/proceedings/2022/770},
  urldate = {2023-03-02},
  langid = {english}
}

@misc{liu_instruction-following_2022,
  title = {Instruction-{{Following Agents}} with {{Jointly Pre-Trained Vision-Language Models}}},
  author = {Liu, Hao and Lee, Lisa and Lee, Kimin and Abbeel, Pieter},
  year = {2022},
  month = oct,
  number = {arXiv:2210.13431},
  eprint = {2210.13431},
  primaryclass = {cs},
  publisher = {{arXiv}},
  doi = {10.48550/arXiv.2210.13431},
  url = {http://arxiv.org/abs/2210.13431},
  urldate = {2022-11-28},
  archiveprefix = {arxiv},
  keywords = {Computer Science - Computer Vision and Pattern Recognition,Computer Science - Robotics,notion,skimmed}
}

@inproceedings{liu_lang2ltl_2022,
  title = {{{Lang2LTL}}: {{Translating Natural Language Commands}} to {{Temporal Specification}} with {{Large Language Models}}},
  shorttitle = {{{Lang2LTL}}},
  booktitle = {Workshop on {{Language}} and {{Robotics}} at {{CoRL}} 2022},
  author = {Liu, Jason Xinyu and Yang, Ziyi and Schornstein, Benjamin and Liang, Sam and Idrees, Ifrah and Tellex, Stefanie and Shah, Ankit},
  year = {2022},
  month = dec,
  url = {https://openreview.net/forum?id=VxfjGZzrdn},
  urldate = {2023-03-02},
  langid = {english}
}

@article{liu_pre-train_2023,
  title = {Pre-Train, {{Prompt}}, and {{Predict}}: {{A Systematic Survey}} of {{Prompting Methods}} in {{Natural Language Processing}}},
  shorttitle = {Pre-Train, {{Prompt}}, and {{Predict}}},
  author = {Liu, Pengfei and Yuan, Weizhe and Fu, Jinlan and Jiang, Zhengbao and Hayashi, Hiroaki and Neubig, Graham},
  year = {2023},
  month = jan,
  journal = {ACM Computing Surveys},
  volume = {55},
  number = {9},
  pages = {195:1--195:35},
  issn = {0360-0300},
  doi = {10.1145/3560815},
  url = {https://dl.acm.org/doi/10.1145/3560815},
  urldate = {2023-09-02},
  keywords = {notion,Pre-trained language models,prompting}
}

@article{liu_reinforcement_2020,
  title = {Reinforcement {{Learning}} for {{Clinical Decision Support}} in {{Critical Care}}: {{Comprehensive Review}}},
  shorttitle = {Reinforcement {{Learning}} for {{Clinical Decision Support}} in {{Critical Care}}},
  author = {Liu, Siqi and See, Kay Choong and Ngiam, Kee Yuan and Celi, Leo Anthony and Sun, Xingzhi and Feng, Mengling},
  year = {2020},
  month = jul,
  journal = {Journal of Medical Internet Research},
  volume = {22},
  number = {7},
  pages = {e18477},
  issn = {1438-8871},
  doi = {10.2196/18477},
  langid = {english},
  pmcid = {PMC7400046},
  pmid = {32706670},
  keywords = {artificial intelligence,critical care,Critical Care,{decision support systems, clinical},{Decision Support Systems, Clinical},Humans,intensive care unit,machine learning,reinforcement learning,{Reinforcement, Psychology}}
}

@inproceedings{liu_reinforcement_2022,
  title = {Reinforcement {{Learning}} on {{Web Interfaces}} Using {{Workflow-Guided Exploration}}},
  booktitle = {International {{Conference}} on {{Learning Representations}}},
  author = {Liu, Evan Zheran and Guu, Kelvin and Pasupat, Panupong and Shi, Tianlin and Liang, Percy},
  year = {2022},
  month = feb,
  url = {https://openreview.net/forum?id=ryTp3f-0-},
  urldate = {2022-11-09},
  langid = {english}
}

@book{liu_representation_2020,
  title = {Representation {{Learning}} for {{Natural Language Processing}}},
  author = {Liu, Zhiyuan and Lin, Yankai and Sun, Maosong},
  year = {2020},
  publisher = {{Springer Nature}},
  doi = {10.1007/978-981-15-5573-2},
  url = {https://library.oapen.org/handle/20.500.12657/39974},
  urldate = {2023-08-26},
  isbn = {9789811555732},
  langid = {english},
  keywords = {Artificial intelligence,Artificial Intelligence,bic Book Industry Communication::C Language::CF linguistics::CFX Computational linguistics,bic Book Industry Communication::U Computing \& information technology::UN Databases::UNF Data mining,bic Book Industry Communication::U Computing \& information technology::UY Computer science::UYQ Artificial intelligence,bic Book Industry Communication::U Computing \& information technology::UY Computer science::UYQ Artificial intelligence::UYQL Natural language \& machine translation,Big Data,Computational linguistics,Computational Linguistics,Data mining,Data Mining and Knowledge Discovery,Deep Learning,Document Representation,Expert systems / knowledge-based systems,Knowledge Representation,Machine Learning,Natural language \& machine translation,Natural Language Processing,Natural Language Processing (NLP),Open Access,Representation Learning,Word Representation}
}

@inproceedings{lopez-paz_discovering_2017,
  title = {Discovering {{Causal Signals}} in {{Images}}},
  booktitle = {Proceedings of the {{IEEE Conference}} on {{Computer Vision}} and {{Pattern Recognition}}},
  author = {{Lopez-Paz}, David and Nishihara, Robert and Chintala, Soumith and Scholkopf, Bernhard and Bottou, Leon},
  year = {2017},
  pages = {6979--6987},
  url = {https://openaccess.thecvf.com/content_cvpr_2017/html/Lopez-Paz_Discovering_Causal_Signals_CVPR_2017_paper.html},
  urldate = {2023-08-26},
  keywords = {notion}
}

@misc{lu_challenges_2022,
  title = {Challenges and {{Opportunities}} in {{Offline Reinforcement Learning}} from {{Visual Observations}}},
  author = {Lu, Cong and Ball, Philip J. and Rudner, Tim G. J. and {Parker-Holder}, Jack and Osborne, Michael A. and Teh, Yee Whye},
  year = {2022},
  month = aug,
  number = {arXiv:2206.04779},
  eprint = {2206.04779},
  primaryclass = {cs, stat},
  publisher = {{arXiv}},
  doi = {10.48550/arXiv.2206.04779},
  url = {http://arxiv.org/abs/2206.04779},
  urldate = {2023-02-14},
  archiveprefix = {arxiv},
  keywords = {Computer Science - Artificial Intelligence,Computer Science - Computer Vision and Pattern Recognition,Computer Science - Machine Learning,Statistics - Machine Learning}
}

@misc{lu_neuro-symbolic_2022,
  title = {Neuro-{{Symbolic Procedural Planning}} with {{Commonsense Prompting}}},
  author = {Lu, Yujie and Feng, Weixi and Zhu, Wanrong and Xu, Wenda and Wang, Xin Eric and Eckstein, Miguel and Wang, William Yang},
  year = {2022},
  month = oct,
  number = {arXiv:2206.02928},
  eprint = {2206.02928},
  primaryclass = {cs},
  publisher = {{arXiv}},
  doi = {10.48550/arXiv.2206.02928},
  url = {http://arxiv.org/abs/2206.02928},
  urldate = {2022-10-14},
  archiveprefix = {arxiv},
  keywords = {Computer Science - Artificial Intelligence,Computer Science - Computation and Language,Computer Science - Machine Learning,notion,to read}
}

@inproceedings{luketina_survey_2019,
  title = {A {{Survey}} of {{Reinforcement Learning Informed}} by {{Natural Language}}},
  booktitle = {Proceedings of the Twenty-Eighth International Joint Conference on Artificial Intelligence, {{IJCAI-19}}},
  author = {Luketina, Jelena and Nardelli, Nantas and Farquhar, Gregory and Foerster, Jakob and Andreas, Jacob and Grefenstette, Edward and Whiteson, Shimon and Rockt{\"a}schel, Tim},
  year = {2019},
  month = jul,
  pages = {6309--6317},
  publisher = {{International Joint Conferences on Artificial Intelligence Organization}},
  address = {{Macao, China}},
  url = {https://www.ijcai.org/proceedings/2019/880},
  urldate = {2022-11-22},
  keywords = {notion,to read}
}

@misc{lynch_interactive_2022,
  ids = {lynch_interactive_2022-1},
  title = {Interactive {{Language}}: {{Talking}} to {{Robots}} in {{Real Time}}},
  shorttitle = {Interactive {{Language}}},
  author = {Lynch, Corey and Wahid, Ayzaan and Tompson, Jonathan and Ding, Tianli and Betker, James and Baruch, Robert and Armstrong, Travis and Florence, Pete},
  year = {2022},
  month = oct,
  number = {arXiv:2210.06407},
  eprint = {2210.06407},
  primaryclass = {cs},
  publisher = {{arXiv}},
  doi = {10.48550/arXiv.2210.06407},
  url = {http://arxiv.org/abs/2210.06407},
  urldate = {2022-11-22},
  archiveprefix = {arxiv},
  keywords = {Computer Science - Artificial Intelligence,Computer Science - Machine Learning,Computer Science - Robotics,notion,read}
}

@article{lynch_language_2021,
  title = {Language Conditioned Imitation Learning over Unstructured Data},
  author = {Lynch, Corey and Sermanet, Pierre},
  year = {2021},
  month = jul,
  journal = {Robotics: Science and Systems XVII},
  keywords = {grounding language in play,MCIL,notion,read}
}

@inproceedings{lynch_learning_2020,
  title = {Learning {{Latent Plans}} from {{Play}}},
  booktitle = {Proceedings of the {{Conference}} on {{Robot Learning}}},
  author = {Lynch, Corey and Khansari, Mohi and Xiao, Ted and Kumar, Vikash and Tompson, Jonathan and Levine, Sergey and Sermanet, Pierre},
  year = {2020},
  month = may,
  pages = {1113--1132},
  publisher = {{PMLR}},
  issn = {2640-3498},
  url = {https://proceedings.mlr.press/v100/lynch20a.html},
  urldate = {2023-05-22},
  langid = {english},
  keywords = {LMP}
}

@misc{mancuso_detecting_2019,
  title = {Detecting {{Spiky Corruption}} in {{Markov Decision Processes}}},
  author = {Mancuso, Jason and Kisielewski, Tomasz and Lindner, David and Singh, Alok},
  year = {2019},
  month = jun,
  number = {arXiv:1907.00452},
  eprint = {1907.00452},
  primaryclass = {cs, stat},
  publisher = {{arXiv}},
  doi = {10.48550/arXiv.1907.00452},
  url = {http://arxiv.org/abs/1907.00452},
  urldate = {2023-01-19},
  archiveprefix = {arxiv},
  keywords = {Computer Science - Machine Learning,david lindner,notion,Statistics - Machine Learning,to read}
}

@article{mcinnes_umap_2018,
  title = {{{UMAP}}: {{Uniform Manifold Approximation}} and {{Projection}}},
  shorttitle = {{{UMAP}}},
  author = {McInnes, Leland and Healy, John and Saul, Nathaniel and Gro{\ss}berger, Lukas},
  year = {2018},
  month = sep,
  journal = {Journal of Open Source Software},
  volume = {3},
  number = {29},
  pages = {861},
  issn = {2475-9066},
  doi = {10.21105/joss.00861},
  url = {https://joss.theoj.org/papers/10.21105/joss.00861},
  urldate = {2023-09-01},
  langid = {english},
  keywords = {notion}
}

@article{mees_calvin_2022,
  title = {{{CALVIN}}: {{A Benchmark}} for {{Language-Conditioned Policy Learning}} for {{Long-Horizon Robot Manipulation Tasks}}},
  shorttitle = {{{CALVIN}}},
  author = {Mees, Oier and Hermann, Lukas and {Rosete-Beas}, Erick and Burgard, Wolfram},
  year = {2022},
  month = jul,
  journal = {IEEE Robotics and Automation Letters},
  volume = {7},
  number = {3},
  pages = {7327--7334},
  issn = {2377-3766},
  doi = {10.1109/LRA.2022.3180108},
  keywords = {Benchmark testing,Cameras,Data sets for robot learning,Grippers,imitation learning,machine learning for robot control,natural dialog for HRI,notion,read,Robot sensing systems,Robot vision systems,Robots,Task analysis}
}

@article{mees_what_2022,
  title = {What {{Matters}} in {{Language Conditioned Robotic Imitation Learning Over Unstructured Data}}},
  author = {Mees, Oier and Hermann, Lukas and Burgard, Wolfram},
  year = {2022},
  month = oct,
  journal = {IEEE Robotics and Automation Letters},
  volume = {7},
  number = {4},
  pages = {11205--11212},
  issn = {2377-3766},
  doi = {10.1109/LRA.2022.3196123},
  keywords = {Behavioral sciences,Cameras,Grippers,Imitation learning,learning categories and concepts,machine learning for robot control,Natural languages,read,Robot control,Robots,Task analysis}
}

@incollection{michie_cognitive_1990,
  title = {Cognitive Models from Subcognitive Skills},
  booktitle = {Knowledge-Based {{Systems}} for {{Industrial Control}}},
  author = {Michie, D. and Bain, M. and {Hayes-Michie}, J.},
  year = {1990},
  month = jan,
  pages = {71--99},
  publisher = {{IET Digital Library}},
  doi = {10.1049/PBCE044E_ch5},
  url = {https://digital-library.theiet.org/content/books/10.1049/pbce044e_ch5},
  urldate = {2023-08-21},
  langid = {english}
}

@inproceedings{mikolov_distributed_2013,
  title = {Distributed {{Representations}} of {{Words}} and {{Phrases}} and Their {{Compositionality}}},
  booktitle = {Advances in {{Neural Information Processing Systems}}},
  author = {Mikolov, Tomas and Sutskever, Ilya and Chen, Kai and Corrado, Greg S and Dean, Jeff},
  year = {2013},
  volume = {26},
  publisher = {{Curran Associates, Inc.}},
  url = {https://proceedings.neurips.cc/paper/2013/hash/9aa42b31882ec039965f3c4923ce901b-Abstract.html},
  urldate = {2021-12-09}
}

@article{mildenhall_nerf_2021,
  title = {{{NeRF}}: Representing Scenes as Neural Radiance Fields for View Synthesis},
  shorttitle = {{{NeRF}}},
  author = {Mildenhall, Ben and Srinivasan, Pratul P. and Tancik, Matthew and Barron, Jonathan T. and Ramamoorthi, Ravi and Ng, Ren},
  year = {2021},
  month = dec,
  journal = {Communications of the ACM},
  volume = {65},
  number = {1},
  pages = {99--106},
  issn = {0001-0782},
  doi = {10.1145/3503250},
  url = {https://doi.org/10.1145/3503250},
  urldate = {2023-03-01}
}

@phdthesis{minsky_theory_1954,
  title = {Theory of Neural-Analog Reinforcement Systems and Its Application to the Brain Model Problem},
  author = {Minsky, Marvin},
  year = {1954},
  langid = {english},
  school = {Princeton University},
  keywords = {Brain,Human information processing,Mathematical models,Neurophysiology}
}

@misc{mnih_playing_2013,
  title = {Playing {{Atari}} with {{Deep Reinforcement Learning}}},
  author = {Mnih, Volodymyr and Kavukcuoglu, Koray and Silver, David and Graves, Alex and Antonoglou, Ioannis and Wierstra, Daan and Riedmiller, Martin},
  year = {2013},
  month = dec,
  number = {arXiv:1312.5602},
  eprint = {1312.5602},
  primaryclass = {cs},
  publisher = {{arXiv}},
  doi = {10.48550/arXiv.1312.5602},
  url = {http://arxiv.org/abs/1312.5602},
  urldate = {2022-09-22},
  archiveprefix = {arxiv},
  keywords = {Computer Science - Machine Learning}
}

@inproceedings{mobramaein_methodology_2019,
  title = {A Methodology for Designing Natural Language Interfaces for Procedural Content Generation},
  booktitle = {Proceedings of the 14th {{International Conference}} on the {{Foundations}} of {{Digital Games}}},
  author = {Mobramaein, Afshin and Whitehead, Jim},
  year = {2019},
  month = aug,
  series = {{{FDG}} '19},
  pages = {1--9},
  publisher = {{Association for Computing Machinery}},
  address = {{New York, NY, USA}},
  doi = {10.1145/3337722.3341860},
  url = {https://doi.org/10.1145/3337722.3341860},
  urldate = {2022-11-29},
  isbn = {978-1-4503-7217-6},
  keywords = {design methodology,natural language interfaces,notion,procedural content generation,to read}
}

@inproceedings{mooney_learning_2008,
  title = {Learning to Connect Language and Perception},
  booktitle = {Proceedings of the 23rd National Conference on {{Artificial}} Intelligence - {{Volume}} 3},
  author = {Mooney, Raymond J.},
  year = {2008},
  month = jul,
  series = {{{AAAI}}'08},
  pages = {1598--1601},
  publisher = {{AAAI Press}},
  address = {{Chicago, Illinois}},
  urldate = {2023-08-21},
  isbn = {978-1-57735-368-3}
}

@inproceedings{nair_learning_2022,
  title = {Learning {{Language-Conditioned Robot Behavior}} from {{Offline Data}} and {{Crowd-Sourced Annotation}}},
  booktitle = {Proceedings of the 5th {{Conference}} on {{Robot Learning}}},
  author = {Nair, Suraj and Mitchell, Eric and Chen, Kevin and Ichter, Brian and Savarese, Silvio and Finn, Chelsea},
  year = {2022},
  month = jan,
  pages = {1303--1315},
  publisher = {{PMLR}},
  issn = {2640-3498},
  url = {https://proceedings.mlr.press/v164/nair22a.html},
  urldate = {2023-04-06},
  langid = {english},
  keywords = {skimmed}
}

@inproceedings{nair_visual_2018,
  title = {Visual {{Reinforcement Learning}} with {{Imagined Goals}}},
  booktitle = {Advances in {{Neural Information Processing Systems}}},
  author = {Nair, Ashvin V and Pong, Vitchyr and Dalal, Murtaza and Bahl, Shikhar and Lin, Steven and Levine, Sergey},
  year = {2018},
  volume = {31},
  publisher = {{Curran Associates, Inc.}},
  url = {https://proceedings.neurips.cc/paper/2018/hash/7ec69dd44416c46745f6edd947b470cd-Abstract.html},
  urldate = {2023-03-03}
}

@inproceedings{ng_algorithms_2000,
  title = {Algorithms for {{Inverse Reinforcement Learning}}},
  booktitle = {In {{Proc}}. 17th {{International Conf}}. on {{Machine Learning}}},
  author = {Ng, Andrew Y. and Russell, Stuart},
  year = {2000},
  pages = {663--670},
  publisher = {{Morgan Kaufmann}},
  keywords = {notion}
}

@inproceedings{ng_policy_1999,
  title = {Policy {{Invariance Under Reward Transformations}}: {{Theory}} and {{Application}} to {{Reward Shaping}}},
  shorttitle = {Policy {{Invariance Under Reward Transformations}}},
  booktitle = {Proceedings of the {{Sixteenth International Conference}} on {{Machine Learning}}},
  author = {Ng, Andrew Y. and Harada, Daishi and Russell, Stuart J.},
  year = {1999},
  month = jun,
  series = {{{ICML}} '99},
  pages = {278--287},
  publisher = {{Morgan Kaufmann Publishers Inc.}},
  address = {{San Francisco, CA, USA}},
  urldate = {2023-09-17},
  isbn = {978-1-55860-612-8},
  keywords = {notion}
}

@misc{ngo_alignment_2022,
  title = {The Alignment Problem from a Deep Learning Perspective},
  author = {Ngo, Richard and Chan, Lawrence and Mindermann, S{\"o}ren},
  year = {2022},
  month = dec,
  number = {arXiv:2209.00626},
  eprint = {2209.00626},
  primaryclass = {cs},
  publisher = {{arXiv}},
  doi = {10.48550/arXiv.2209.00626},
  url = {http://arxiv.org/abs/2209.00626},
  urldate = {2023-02-23},
  archiveprefix = {arxiv},
  keywords = {Computer Science - Artificial Intelligence,Computer Science - Machine Learning,notion,read "internally represented goals",skimmed}
}

@inproceedings{ni_expanding_2022,
  title = {Expanding {{Language-Image Pretrained Models}} for~{{General Video Recognition}}},
  booktitle = {Computer {{Vision}} \textendash{} {{ECCV}} 2022},
  author = {Ni, Bolin and Peng, Houwen and Chen, Minghao and Zhang, Songyang and Meng, Gaofeng and Fu, Jianlong and Xiang, Shiming and Ling, Haibin},
  editor = {Avidan, Shai and Brostow, Gabriel and Ciss{\'e}, Moustapha and Farinella, Giovanni Maria and Hassner, Tal},
  year = {2022},
  series = {Lecture {{Notes}} in {{Computer Science}}},
  pages = {1--18},
  publisher = {{Springer Nature Switzerland}},
  address = {{Cham}},
  doi = {10.1007/978-3-031-19772-7_1},
  isbn = {978-3-031-19772-7},
  langid = {english},
  keywords = {Contrastive language-image pretraining,Video recognition,X CLIP,x-clip}
}

@misc{openai_dota_2019,
  title = {Dota 2 with {{Large Scale Deep Reinforcement Learning}}},
  author = {OpenAI and Berner, Christopher and Brockman, Greg and Chan, Brooke and Cheung, Vicki and D{\k{e}}biak, Przemys{\l}aw and Dennison, Christy and Farhi, David and Fischer, Quirin and Hashme, Shariq and Hesse, Chris and J{\'o}zefowicz, Rafal and Gray, Scott and Olsson, Catherine and Pachocki, Jakub and Petrov, Michael and Pinto, Henrique P. d O. and Raiman, Jonathan and Salimans, Tim and Schlatter, Jeremy and Schneider, Jonas and Sidor, Szymon and Sutskever, Ilya and Tang, Jie and Wolski, Filip and Zhang, Susan},
  year = {2019},
  month = dec,
  number = {arXiv:1912.06680},
  eprint = {1912.06680},
  primaryclass = {cs, stat},
  publisher = {{arXiv}},
  doi = {10.48550/arXiv.1912.06680},
  url = {http://arxiv.org/abs/1912.06680},
  urldate = {2023-03-01},
  archiveprefix = {arxiv},
  keywords = {Computer Science - Machine Learning,Statistics - Machine Learning}
}

@misc{orseau_agents_2018,
  title = {Agents and {{Devices}}: {{A Relative Definition}} of {{Agency}}},
  shorttitle = {Agents and {{Devices}}},
  author = {Orseau, Laurent and McGill, Simon McGregor and Legg, Shane},
  year = {2018},
  month = may,
  number = {arXiv:1805.12387},
  eprint = {1805.12387},
  primaryclass = {cs, stat},
  publisher = {{arXiv}},
  doi = {10.48550/arXiv.1805.12387},
  url = {http://arxiv.org/abs/1805.12387},
  urldate = {2023-02-13},
  archiveprefix = {arxiv},
  keywords = {Computer Science - Artificial Intelligence,Computer Science - Machine Learning,notion,Statistics - Machine Learning}
}

@article{osborne_survey_2022,
  title = {A {{Survey}} of {{Text Games}} for {{Reinforcement Learning Informed}} by {{Natural Language}}},
  author = {Osborne, Philip and N{\~o}mm, Heido and Freitas, Andr{\'e}},
  year = {2022},
  month = aug,
  journal = {Transactions of the Association for Computational Linguistics},
  volume = {10},
  pages = {873--887},
  issn = {2307-387X},
  doi = {10.1162/tacl_a_00495},
  url = {https://doi.org/10.1162/tacl_a_00495},
  urldate = {2022-11-22},
  keywords = {notion,to read}
}

@misc{ouyang_training_2022,
  title = {Training Language Models to Follow Instructions with Human Feedback},
  author = {Ouyang, Long and Wu, Jeff and Jiang, Xu and Almeida, Diogo and Wainwright, Carroll L. and Mishkin, Pamela and Zhang, Chong and Agarwal, Sandhini and Slama, Katarina and Ray, Alex and Schulman, John and Hilton, Jacob and Kelton, Fraser and Miller, Luke and Simens, Maddie and Askell, Amanda and Welinder, Peter and Christiano, Paul and Leike, Jan and Lowe, Ryan},
  year = {2022},
  month = mar,
  number = {arXiv:2203.02155},
  eprint = {2203.02155},
  primaryclass = {cs},
  publisher = {{arXiv}},
  doi = {10.48550/arXiv.2203.02155},
  url = {http://arxiv.org/abs/2203.02155},
  urldate = {2022-09-28},
  archiveprefix = {arxiv},
  keywords = {Computer Science - Artificial Intelligence,Computer Science - Computation and Language,Computer Science - Machine Learning,instruct gpt,notion,read,skimmed}
}

@inproceedings{pan_effects_2022,
  title = {The {{Effects}} of {{Reward Misspecification}}: {{Mapping}} and {{Mitigating Misaligned Models}}},
  shorttitle = {The {{Effects}} of {{Reward Misspecification}}},
  booktitle = {International {{Conference}} on {{Learning Representations}}},
  author = {Pan, Alexander and Bhatia, Kush and Steinhardt, Jacob},
  year = {2022},
  month = feb,
  url = {https://openreview.net/forum?id=JYtwGwIL7ye},
  urldate = {2022-11-09},
  langid = {english},
  keywords = {read}
}

@misc{park_generative_2023,
  title = {Generative {{Agents}}: {{Interactive Simulacra}} of {{Human Behavior}}},
  shorttitle = {Generative {{Agents}}},
  author = {Park, Joon Sung and O'Brien, Joseph C. and Cai, Carrie J. and Morris, Meredith Ringel and Liang, Percy and Bernstein, Michael S.},
  year = {2023},
  month = aug,
  number = {arXiv:2304.03442},
  eprint = {2304.03442},
  primaryclass = {cs},
  publisher = {{arXiv}},
  doi = {10.48550/arXiv.2304.03442},
  url = {http://arxiv.org/abs/2304.03442},
  urldate = {2023-09-02},
  archiveprefix = {arxiv},
  keywords = {Computer Science - Artificial Intelligence,Computer Science - Human-Computer Interaction,Computer Science - Machine Learning}
}

@book{perrault_les_1865,
  title = {{Les Contes des F\'ees ... Deuxi\`eme \'edition, revue ... par C. Giraud}},
  author = {Perrault, Charles},
  year = {1865},
  googlebooks = {fddUAAAAcAAJ},
  langid = {french}
}

@inproceedings{piantadosi_meaning_2022,
  title = {Meaning without Reference in Large Language Models},
  booktitle = {{{NeurIPS}} 2022 {{Workshop}} on {{Neuro Causal}} and {{Symbolic AI}} ({{nCSI}})},
  author = {Piantadosi, Steven and Hill, Felix},
  year = {2022},
  month = oct,
  url = {https://openreview.net/forum?id=nRkJEwmZnM},
  urldate = {2023-08-21},
  langid = {english}
}

@inproceedings{prakash_hierarchical_2022,
  title = {Hierarchical {{Agents}} by {{Combining Language Generation}} and {{Semantic Goal Directed RL}}},
  booktitle = {Second {{Workshop}} on {{Language}} and {{Reinforcement Learning}}},
  author = {Prakash, Bharat and Waytowich, Nicholas R. and Oates, Tim and Mohsenin, Tinoosh},
  year = {2022},
  month = dec,
  url = {https://openreview.net/forum?id=UqJOjgk2R6},
  urldate = {2023-04-03},
  langid = {english},
  keywords = {notion,skimmed}
}

@misc{prudencio_survey_2022,
  title = {A {{Survey}} on {{Offline Reinforcement Learning}}: {{Taxonomy}}, {{Review}}, and {{Open Problems}}},
  shorttitle = {A {{Survey}} on {{Offline Reinforcement Learning}}},
  author = {Prudencio, Rafael Figueiredo and Maximo, Marcos R. O. A. and Colombini, Esther Luna},
  year = {2022},
  month = mar,
  number = {arXiv:2203.01387},
  eprint = {2203.01387},
  primaryclass = {cs, stat},
  publisher = {{arXiv}},
  doi = {10.48550/arXiv.2203.01387},
  url = {http://arxiv.org/abs/2203.01387},
  urldate = {2023-02-14},
  archiveprefix = {arxiv},
  keywords = {Computer Science - Artificial Intelligence,Computer Science - Machine Learning,notion,Statistics - Machine Learning}
}

@inproceedings{puig_virtualhome_2018,
  title = {{{VirtualHome}}: {{Simulating Household Activities Via Programs}}},
  shorttitle = {{{VirtualHome}}},
  booktitle = {2018 {{IEEE}}/{{CVF Conference}} on {{Computer Vision}} and {{Pattern Recognition}}},
  author = {Puig, Xavier and Ra, Kevin and Boben, Marko and Li, Jiaman and Wang, Tingwu and Fidler, Sanja and Torralba, Antonio},
  year = {2018},
  month = jun,
  pages = {8494--8502},
  issn = {2575-7075},
  doi = {10.1109/CVPR.2018.00886},
  keywords = {Engines,Games,Natural languages,Robots,Task analysis,TV,Videos}
}

@book{puterman_markov_2014,
  title = {{Markov Decision Processes: Discrete Stochastic Dynamic Programming}},
  shorttitle = {{Markov Decision Processes}},
  author = {Puterman, Martin L.},
  year = {2014},
  month = aug,
  publisher = {{John Wiley \& Sons}},
  googlebooks = {VvBjBAAAQBAJ},
  isbn = {978-1-118-62587-3},
  langid = {ngerman},
  keywords = {Mathematics / General,Mathematics / Probability \& Statistics / General,Mathematics / Probability \& Statistics / Stochastic Processes,notion}
}

@misc{queeney_risk-averse_2023,
  title = {Risk-{{Averse Model Uncertainty}} for {{Distributionally Robust Safe Reinforcement Learning}}},
  author = {Queeney, James and Benosman, Mouhacine},
  year = {2023},
  month = jan,
  number = {arXiv:2301.12593},
  eprint = {2301.12593},
  primaryclass = {cs, stat},
  publisher = {{arXiv}},
  doi = {10.48550/arXiv.2301.12593},
  url = {http://arxiv.org/abs/2301.12593},
  urldate = {2023-02-01},
  archiveprefix = {arxiv},
  keywords = {Computer Science - Artificial Intelligence,Computer Science - Machine Learning,notion,Statistics - Machine Learning,to read}
}

@book{quinonero-candela_dataset_2008,
  title = {Dataset {{Shift}} in {{Machine Learning}}},
  author = {{Quinonero-Candela}, Joaquin and Sugiyama, Masashi and Schwaighofer, Anton and Lawrence, Neil D.},
  year = {2008},
  month = dec,
  publisher = {{MIT Press}},
  googlebooks = {qJ0jEAAAQBAJ},
  isbn = {978-0-262-17005-5},
  langid = {english},
  keywords = {Computers / Artificial Intelligence / General,Computers / Data Science / General}
}

@inproceedings{radford_learning_2021,
  title = {Learning {{Transferable Visual Models From Natural Language Supervision}}},
  booktitle = {Proceedings of the 38th {{International Conference}} on {{Machine Learning}}},
  author = {Radford, Alec and Kim, Jong Wook and Hallacy, Chris and Ramesh, Aditya and Goh, Gabriel and Agarwal, Sandhini and Sastry, Girish and Askell, Amanda and Mishkin, Pamela and Clark, Jack and Krueger, Gretchen and Sutskever, Ilya},
  year = {2021},
  month = jul,
  pages = {8748--8763},
  publisher = {{PMLR}},
  issn = {2640-3498},
  url = {https://proceedings.mlr.press/v139/radford21a.html},
  urldate = {2023-02-07},
  langid = {english},
  keywords = {CLIP,notion,read}
}

@misc{ramesh_hierarchical_2022,
  title = {Hierarchical {{Text-Conditional Image Generation}} with {{CLIP Latents}}},
  author = {Ramesh, Aditya and Dhariwal, Prafulla and Nichol, Alex and Chu, Casey and Chen, Mark},
  year = {2022},
  month = apr,
  number = {arXiv:2204.06125},
  eprint = {2204.06125},
  primaryclass = {cs},
  publisher = {{arXiv}},
  doi = {10.48550/arXiv.2204.06125},
  url = {http://arxiv.org/abs/2204.06125},
  urldate = {2022-09-08},
  archiveprefix = {arxiv},
  keywords = {Computer Science - Computer Vision and Pattern Recognition,notion}
}

@misc{rasheed_fine-tuned_2023,
  title = {Fine-Tuned {{CLIP Models}} Are {{Efficient Video Learners}}},
  author = {Rasheed, Hanoona and Khattak, Muhammad Uzair and Maaz, Muhammad and Khan, Salman and Khan, Fahad Shahbaz},
  year = {2023},
  month = mar,
  number = {arXiv:2212.03640},
  eprint = {2212.03640},
  primaryclass = {cs},
  publisher = {{arXiv}},
  doi = {10.48550/arXiv.2212.03640},
  url = {http://arxiv.org/abs/2212.03640},
  urldate = {2023-04-11},
  archiveprefix = {arxiv},
  keywords = {Computer Science - Artificial Intelligence,Computer Science - Computer Vision and Pattern Recognition}
}

@misc{reed_generalist_2022,
  title = {A {{Generalist Agent}}},
  author = {Reed, Scott and Zolna, Konrad and Parisotto, Emilio and Colmenarejo, Sergio Gomez and Novikov, Alexander and {Barth-Maron}, Gabriel and Gimenez, Mai and Sulsky, Yury and Kay, Jackie and Springenberg, Jost Tobias and Eccles, Tom and Bruce, Jake and Razavi, Ali and Edwards, Ashley and Heess, Nicolas and Chen, Yutian and Hadsell, Raia and Vinyals, Oriol and Bordbar, Mahyar and {de Freitas}, Nando},
  year = {2022},
  month = may,
  number = {arXiv:2205.06175},
  eprint = {2205.06175},
  primaryclass = {cs},
  publisher = {{arXiv}},
  doi = {10.48550/arXiv.2205.06175},
  url = {http://arxiv.org/abs/2205.06175},
  urldate = {2022-10-16},
  archiveprefix = {arxiv},
  keywords = {Computer Science - Artificial Intelligence,Computer Science - Computation and Language,Computer Science - Machine Learning,Computer Science - Robotics,skimmed}
}

@misc{reynolds_prompt_2021,
  title = {Prompt {{Programming}} for {{Large Language Models}}: {{Beyond}} the {{Few-Shot Paradigm}}},
  shorttitle = {Prompt {{Programming}} for {{Large Language Models}}},
  author = {Reynolds, Laria and McDonell, Kyle},
  year = {2021},
  month = feb,
  number = {arXiv:2102.07350},
  eprint = {2102.07350},
  primaryclass = {cs},
  publisher = {{arXiv}},
  doi = {10.48550/arXiv.2102.07350},
  url = {http://arxiv.org/abs/2102.07350},
  urldate = {2022-09-08},
  archiveprefix = {arxiv},
  keywords = {Computer Science - Artificial Intelligence,Computer Science - Computation and Language,notion,to read}
}

@inproceedings{riedmiller_neural_2005,
  title = {Neural Fitted q Iteration \&\#x2013; First Experiences with a Data Efficient Neural Reinforcement Learning Method},
  booktitle = {Proceedings of the 16th {{European}} Conference on {{Machine Learning}}},
  author = {Riedmiller, Martin},
  year = {2005},
  month = oct,
  series = {{{ECML}}'05},
  pages = {317--328},
  publisher = {{Springer-Verlag}},
  address = {{Berlin, Heidelberg}},
  doi = {10.1007/11564096_32},
  url = {https://doi.org/10.1007/11564096_32},
  urldate = {2023-03-02},
  isbn = {978-3-540-29243-2}
}

@misc{ringstrom_reward_2022,
  title = {Reward Is Not {{Necessary}}: {{How}} to {{Create}} a {{Compositional Self-Preserving Agent}} for {{Life-Long Learning}}},
  shorttitle = {Reward Is Not {{Necessary}}},
  author = {Ringstrom, Thomas J.},
  year = {2022},
  month = nov,
  number = {arXiv:2211.10851},
  eprint = {2211.10851},
  primaryclass = {cs},
  publisher = {{arXiv}},
  url = {http://arxiv.org/abs/2211.10851},
  urldate = {2022-11-28},
  archiveprefix = {arxiv},
  keywords = {Computer Science - Artificial Intelligence,Computer Science - Machine Learning,notion}
}

@misc{rocamonde_using_2023,
  title = {Using Natural Language Instructions to Safely Steer {{RL}} Agents},
  author = {Rocamonde, Juan},
  year = {2023},
  publisher = {{Berkeley AI Safety Student Initiative}},
  url = {https://berkeleyaisafety.com/spar},
  langid = {english},
  keywords = {spar}
}

@article{roijers_survey_2013,
  title = {A {{Survey}} of {{Multi-Objective Sequential Decision-Making}}},
  author = {Roijers, D. M. and Vamplew, P. and Whiteson, S. and Dazeley, R.},
  year = {2013},
  month = oct,
  journal = {Journal of Artificial Intelligence Research},
  volume = {48},
  pages = {67--113},
  issn = {1076-9757},
  doi = {10.1613/jair.3987},
  url = {https://www.jair.org/index.php/jair/article/view/10836},
  urldate = {2022-11-11},
  copyright = {Copyright (c)},
  langid = {english},
  keywords = {notion,read}
}

@inproceedings{rombach_high-resolution_2022,
  title = {High-{{Resolution Image Synthesis With Latent Diffusion Models}}},
  booktitle = {Proceedings of the {{IEEE}}/{{CVF Conference}} on {{Computer Vision}} and {{Pattern Recognition}}},
  author = {Rombach, Robin and Blattmann, Andreas and Lorenz, Dominik and Esser, Patrick and Ommer, Bj{\"o}rn},
  year = {2022},
  pages = {10684--10695},
  url = {https://openaccess.thecvf.com/content/CVPR2022/html/Rombach_High-Resolution_Image_Synthesis_With_Latent_Diffusion_Models_CVPR_2022_paper.html},
  urldate = {2022-09-08},
  langid = {english},
  keywords = {notion}
}

@article{rubin_em_1982,
  title = {{{EM}} Algorithms for {{ML}} Factor Analysis},
  author = {Rubin, Donald B. and Thayer, Dorothy T.},
  year = {1982},
  month = mar,
  journal = {Psychometrika},
  volume = {47},
  number = {1},
  pages = {69--76},
  issn = {1860-0980},
  doi = {10.1007/BF02293851},
  url = {https://doi.org/10.1007/BF02293851},
  urldate = {2023-08-26},
  langid = {english},
  keywords = {EM algorithms,factor analysis,maximum likelihood,notion}
}

@misc{ruis_large_2022,
  title = {Large Language Models Are Not Zero-Shot Communicators},
  author = {Ruis, Laura and Khan, Akbir and Biderman, Stella and Hooker, Sara and Rockt{\"a}schel, Tim and Grefenstette, Edward},
  year = {2022},
  month = oct,
  number = {arXiv:2210.14986},
  eprint = {2210.14986},
  primaryclass = {cs},
  publisher = {{arXiv}},
  doi = {10.48550/arXiv.2210.14986},
  url = {http://arxiv.org/abs/2210.14986},
  urldate = {2023-01-02},
  archiveprefix = {arxiv},
  keywords = {Computer Science - Computation and Language}
}

@book{sadigh_active_2017,
  title = {Active Preference-Based Learning of Reward Functions},
  author = {Sadigh, D. and Dragan, A. D. and Sastry, S. and Seshia, S. A.},
  year = {2017},
  doi = {10.15607/rss.2017.xiii.053},
  url = {https://escholarship.org/uc/item/88k894w7},
  urldate = {2022-09-08},
  isbn = {978-0-9923747-3-0},
  langid = {english},
  keywords = {notion,to read}
}

@inproceedings{salimans_pixelcnn_2017,
  title = {{{PixelCNN}}++: {{Improving}} the {{PixelCNN}} with {{Discretized Logistic Mixture Likelihood}} and {{Other Modifications}}},
  shorttitle = {{{PixelCNN}}++},
  booktitle = {International {{Conference}} on {{Learning Representations}}},
  author = {Salimans, Tim and Karpathy, Andrej and Chen, Xi and Kingma, Diederik P.},
  year = {2017},
  month = feb,
  url = {https://openreview.net/forum?id=BJrFC6ceg},
  urldate = {2023-05-23},
  langid = {english}
}

@article{sanh_multitask_2022,
  title = {Multitask {{Prompted Training Enables Zero-Shot Task Generalization}}},
  author = {Sanh, Victor and Webson, Albert and Raffel, Colin and Bach, Stephen H. and Sutawika, Lintang and Alyafeai, Zaid and Chaffin, Antoine and Stiegler, Arnaud and Scao, Teven Le and Raja, Arun and Dey, Manan and Bari, M. Saiful and Xu, Canwen and Thakker, Urmish and Sharma, Shanya Sharma and Szczechla, Eliza and Kim, Taewoon and Chhablani, Gunjan and Nayak, Nihal and Datta, Debajyoti and Chang, Jonathan and Jiang, Mike Tian-Jian and Wang, Han and Manica, Matteo and Shen, Sheng and Yong, Zheng Xin and Pandey, Harshit and Bawden, Rachel and Wang, Thomas and Neeraj, Trishala and Rozen, Jos and Sharma, Abheesht and Santilli, Andrea and Fevry, Thibault and Fries, Jason Alan and Teehan, Ryan and Bers, Tali and Biderman, Stella and Gao, Leo and Wolf, Thomas and Rush, Alexander M.},
  year = {2022},
  month = mar,
  journal = {arXiv:2110.08207 [cs]},
  eprint = {2110.08207},
  primaryclass = {cs},
  url = {http://arxiv.org/abs/2110.08207},
  urldate = {2022-04-07},
  archiveprefix = {arxiv},
  keywords = {Computer Science - Computation and Language,Computer Science - Machine Learning,notion,read,T0}
}

@article{schaal_is_1999,
  title = {Is Imitation Learning the Route to Humanoid Robots?},
  author = {Schaal, S.},
  year = {1999},
  month = jun,
  journal = {Trends in Cognitive Sciences},
  volume = {3},
  number = {6},
  pages = {233--242},
  issn = {1879-307X},
  doi = {10.1016/s1364-6613(99)01327-3},
  langid = {english},
  pmid = {10354577}
}

@misc{scheurer_training_2022,
  title = {Training {{Language Models}} with {{Language Feedback}}},
  author = {Scheurer, J{\'e}r{\'e}my and Campos, Jon Ander and Chan, Jun Shern and Chen, Angelica and Cho, Kyunghyun and Perez, Ethan},
  year = {2022},
  month = may,
  number = {arXiv:2204.14146},
  eprint = {2204.14146},
  primaryclass = {cs},
  publisher = {{arXiv}},
  doi = {10.48550/arXiv.2204.14146},
  url = {http://arxiv.org/abs/2204.14146},
  urldate = {2022-09-22},
  archiveprefix = {arxiv},
  keywords = {Computer Science - Artificial Intelligence,Computer Science - Computation and Language,Computer Science - Machine Learning,ethan perez,notion,skimmed}
}

@article{scholkopf_toward_2021,
  title = {Toward {{Causal Representation Learning}}},
  author = {Sch{\"o}lkopf, Bernhard and Locatello, Francesco and Bauer, Stefan and Ke, Nan Rosemary and Kalchbrenner, Nal and Goyal, Anirudh and Bengio, Yoshua},
  year = {2021},
  month = may,
  journal = {Proceedings of the IEEE},
  volume = {109},
  number = {5},
  pages = {612--634},
  issn = {1558-2256},
  doi = {10.1109/JPROC.2021.3058954},
  keywords = {Adaptation models,Artificial intelligence,causality,Data models,deep learning,Differential equations,Inference algorithms,Machine learning,Mathematical model,representation learning,Representation learning,Training data}
}

@inproceedings{schuhmann_laion-5b_2022,
  title = {{{LAION-5B}}: {{An}} Open Large-Scale Dataset for Training next Generation Image-Text Models},
  shorttitle = {{{LAION-5B}}},
  booktitle = {Thirty-Sixth {{Conference}} on {{Neural Information Processing Systems Datasets}} and {{Benchmarks Track}}},
  author = {Schuhmann, Christoph and Beaumont, Romain and Vencu, Richard and Gordon, Cade W. and Wightman, Ross and Cherti, Mehdi and Coombes, Theo and Katta, Aarush and Mullis, Clayton and Wortsman, Mitchell and Schramowski, Patrick and Kundurthy, Srivatsa R. and Crowson, Katherine and Schmidt, Ludwig and Kaczmarczyk, Robert and Jitsev, Jenia},
  year = {2022},
  month = jun,
  url = {https://openreview.net/forum?id=M3Y74vmsMcY},
  urldate = {2023-08-23},
  langid = {english},
  keywords = {notion}
}

@article{shah_benefits_2021,
  title = {Benefits of {{Assistance}} over {{Reward Learning}}},
  author = {Shah, Rohin and Freire, Pedro and Alex, Neel and Freedman, Rachel and Krasheninnikov, Dmitrii and Chan, Lawrence and Dennis, Michael D. and Abbeel, Pieter and Dragan, Anca and Russell, Stuart},
  year = {2021},
  month = mar,
  url = {https://openreview.net/forum?id=DFIoGDZejIB},
  urldate = {2022-09-13},
  langid = {english},
  keywords = {notion,to read}
}

@misc{shah_goal_2022,
  title = {Goal {{Misgeneralization}}: {{Why Correct Specifications Aren}}'t {{Enough For Correct Goals}}},
  shorttitle = {Goal {{Misgeneralization}}},
  author = {Shah, Rohin and Varma, Vikrant and Kumar, Ramana and Phuong, Mary and Krakovna, Victoria and Uesato, Jonathan and Kenton, Zac},
  year = {2022},
  month = nov,
  number = {arXiv:2210.01790},
  eprint = {2210.01790},
  primaryclass = {cs},
  publisher = {{arXiv}},
  doi = {10.48550/arXiv.2210.01790},
  url = {http://arxiv.org/abs/2210.01790},
  urldate = {2023-02-07},
  archiveprefix = {arxiv},
  keywords = {Computer Science - Machine Learning,notion,read}
}

@misc{shah_preferences_2019,
  title = {Preferences {{Implicit}} in the {{State}} of the {{World}}},
  author = {Shah, Rohin and Krasheninnikov, Dmitrii and Alexander, Jordan and Abbeel, Pieter and Dragan, Anca},
  year = {2019},
  month = apr,
  number = {arXiv:1902.04198},
  eprint = {1902.04198},
  primaryclass = {cs, stat},
  publisher = {{arXiv}},
  doi = {10.48550/arXiv.1902.04198},
  url = {http://arxiv.org/abs/1902.04198},
  urldate = {2022-09-13},
  archiveprefix = {arxiv},
  keywords = {Computer Science - Artificial Intelligence,Computer Science - Machine Learning,notion,Statistics - Machine Learning,to read}
}

@article{shannon_mathematical_1948,
  title = {A Mathematical Theory of Communication},
  author = {Shannon, C. E.},
  year = {1948},
  journal = {The Bell System Technical Journal},
  volume = {27},
  number = {3},
  pages = {379--423},
  doi = {10.1002/j.1538-7305.1948.tb01338.x},
  keywords = {notion}
}

@misc{shen_towards_2021,
  title = {Towards {{Out-Of-Distribution Generalization}}: {{A Survey}}},
  shorttitle = {Towards {{Out-Of-Distribution Generalization}}},
  author = {Shen, Zheyan and Liu, Jiashuo and He, Yue and Zhang, Xingxuan and Xu, Renzhe and Yu, Han and Cui, Peng},
  year = {2021},
  month = aug,
  number = {arXiv:2108.13624},
  eprint = {2108.13624},
  primaryclass = {cs},
  publisher = {{arXiv}},
  doi = {10.48550/arXiv.2108.13624},
  url = {http://arxiv.org/abs/2108.13624},
  urldate = {2023-03-01},
  archiveprefix = {arxiv},
  keywords = {Computer Science - Machine Learning}
}

@inproceedings{shridhar_alfred_2020,
  title = {{{ALFRED}}: {{A Benchmark}} for {{Interpreting Grounded Instructions}} for {{Everyday Tasks}}},
  shorttitle = {{{ALFRED}}},
  booktitle = {2020 {{IEEE}}/{{CVF Conference}} on {{Computer Vision}} and {{Pattern Recognition}} ({{CVPR}})},
  author = {Shridhar, Mohit and Thomason, Jesse and Gordon, Daniel and Bisk, Yonatan and Han, Winson and Mottaghi, Roozbeh and Zettlemoyer, Luke and Fox, Dieter},
  year = {2020},
  month = jun,
  pages = {10737--10746},
  issn = {2575-7075},
  doi = {10.1109/CVPR42600.2020.01075},
  keywords = {Benchmark testing,Natural languages,Navigation,Robots,Task analysis,Videos,Visualization}
}

@inproceedings{shridhar_cliport_2021,
  title = {{{CLIPort}}: {{What}} and {{Where Pathways}} for {{Robotic Manipulation}}},
  shorttitle = {{{CLIPort}}},
  booktitle = {5th {{Annual Conference}} on {{Robot Learning}}},
  author = {Shridhar, Mohit and Manuelli, Lucas and Fox, Dieter},
  year = {2021},
  month = nov,
  url = {https://openreview.net/forum?id=9uFiX_HRsIL},
  urldate = {2022-11-09},
  langid = {english},
  keywords = {notion,to read}
}

@inproceedings{shridhar_perceiver-actor_2022,
  title = {Perceiver-{{Actor}}: {{A Multi-Task Transformer}} for {{Robotic Manipulation}}},
  shorttitle = {Perceiver-{{Actor}}},
  booktitle = {6th {{Annual Conference}} on {{Robot Learning}}},
  author = {Shridhar, Mohit and Manuelli, Lucas and Fox, Dieter},
  year = {2022},
  month = sep,
  url = {https://openreview.net/forum?id=PS_eCS_WCvD},
  urldate = {2022-11-09},
  langid = {english},
  keywords = {notion,to read}
}

@misc{sigaud_towards_2022,
  title = {Towards {{Teachable Autotelic Agents}}},
  author = {Sigaud, Olivier and Akakzia, Ahmed and {Caselles-Dupr{\'e}}, Hugo and Colas, C{\'e}dric and Oudeyer, Pierre-Yves and Chetouani, Mohamed},
  year = {2022},
  month = feb,
  number = {arXiv:2105.11977},
  eprint = {2105.11977},
  primaryclass = {cs},
  publisher = {{arXiv}},
  doi = {10.48550/arXiv.2105.11977},
  url = {http://arxiv.org/abs/2105.11977},
  urldate = {2022-08-19},
  archiveprefix = {arxiv},
  keywords = {Computer Science - Artificial Intelligence,Computer Science - Machine Learning,notion,sigaud,to read}
}

@article{silver_general_2018,
  title = {A General Reinforcement Learning Algorithm That Masters Chess, Shogi, and {{Go}} through Self-Play},
  author = {Silver, David and Hubert, Thomas and Schrittwieser, Julian and Antonoglou, Ioannis and Lai, Matthew and Guez, Arthur and Lanctot, Marc and Sifre, Laurent and Kumaran, Dharshan and Graepel, Thore and Lillicrap, Timothy and Simonyan, Karen and Hassabis, Demis},
  year = {2018},
  month = dec,
  journal = {Science},
  volume = {362},
  number = {6419},
  pages = {1140--1144},
  publisher = {{American Association for the Advancement of Science}},
  doi = {10.1126/science.aar6404},
  url = {https://www.science.org/doi/full/10.1126/science.aar6404},
  urldate = {2023-03-01}
}

@article{silver_mastering_2017,
  title = {Mastering the Game of {{Go}} without Human Knowledge},
  author = {Silver, David and Schrittwieser, Julian and Simonyan, Karen and Antonoglou, Ioannis and Huang, Aja and Guez, Arthur and Hubert, Thomas and Baker, Lucas and Lai, Matthew and Bolton, Adrian and Chen, Yutian and Lillicrap, Timothy and Hui, Fan and Sifre, Laurent and {van den Driessche}, George and Graepel, Thore and Hassabis, Demis},
  year = {2017},
  month = oct,
  journal = {Nature},
  volume = {550},
  number = {7676},
  pages = {354--359},
  publisher = {{Nature Publishing Group}},
  issn = {1476-4687},
  doi = {10.1038/nature24270},
  url = {https://www.nature.com/articles/nature24270/},
  urldate = {2023-03-01},
  copyright = {2017 Macmillan Publishers Limited, part of Springer Nature. All rights reserved.},
  langid = {english},
  keywords = {Computational science,Computer science,Reward}
}

@article{silver_reward_2021,
  title = {Reward Is Enough},
  author = {Silver, David and Singh, Satinder and Precup, Doina and Sutton, Richard S.},
  year = {2021},
  month = oct,
  journal = {Artificial Intelligence},
  volume = {299},
  pages = {103535},
  issn = {0004-3702},
  doi = {10.1016/j.artint.2021.103535},
  url = {https://www.sciencedirect.com/science/article/pii/S0004370221000862},
  urldate = {2022-08-01},
  langid = {english},
  keywords = {Artificial general intelligence,Artificial intelligence,notion,read,Reinforcement learning,Reward}
}

@misc{singh_cog_2020,
  title = {{{COG}}: {{Connecting New Skills}} to {{Past Experience}} with {{Offline Reinforcement Learning}}},
  shorttitle = {{{COG}}},
  author = {Singh, Avi and Yu, Albert and Yang, Jonathan and Zhang, Jesse and Kumar, Aviral and Levine, Sergey},
  year = {2020},
  month = oct,
  number = {arXiv:2010.14500},
  eprint = {2010.14500},
  primaryclass = {cs},
  publisher = {{arXiv}},
  doi = {10.48550/arXiv.2010.14500},
  url = {http://arxiv.org/abs/2010.14500},
  urldate = {2023-03-02},
  archiveprefix = {arxiv},
  keywords = {COG,Computer Science - Machine Learning,Computer Science - Robotics,pretrain on general task for performance on downstream}
}

@article{singh_flava_2022,
  title = {{{FLAVA}}: {{A Foundational Language And Vision Alignment Model}}},
  shorttitle = {{{FLAVA}}},
  author = {Singh, Amanpreet and Hu, Ronghang and Goswami, Vedanuj and Couairon, Guillaume and Galuba, Wojciech and Rohrbach, Marcus and Kiela, Douwe},
  year = {2022},
  month = mar,
  journal = {arXiv:2112.04482 [cs]},
  eprint = {2112.04482},
  primaryclass = {cs},
  url = {http://arxiv.org/abs/2112.04482},
  urldate = {2022-04-05},
  archiveprefix = {arxiv},
  keywords = {Computer Science - Computation and Language,Computer Science - Computer Vision and Pattern Recognition}
}

@article{singh_reinforcement_2022,
  title = {Reinforcement Learning in Robotic Applications: A Comprehensive Survey},
  shorttitle = {Reinforcement Learning in Robotic Applications},
  author = {Singh, Bharat and Kumar, Rajesh and Singh, Vinay Pratap},
  year = {2022},
  month = feb,
  journal = {Artificial Intelligence Review},
  volume = {55},
  number = {2},
  pages = {945--990},
  issn = {1573-7462},
  doi = {10.1007/s10462-021-09997-9},
  url = {https://doi.org/10.1007/s10462-021-09997-9},
  urldate = {2023-03-01},
  langid = {english}
}

@inproceedings{skalse_defining_2022,
  title = {Defining and {{Characterizing Reward Gaming}}},
  booktitle = {Advances in {{Neural Information Processing Systems}}},
  author = {Skalse, Joar Max Viktor and Howe, Nikolaus H. R. and Krasheninnikov, Dmitrii and Krueger, David},
  year = {2022},
  month = oct,
  url = {https://openreview.net/forum?id=yb3HOXO3lX2},
  urldate = {2023-03-03},
  langid = {english}
}

@inproceedings{sohn_improved_2016,
  title = {Improved {{Deep Metric Learning}} with {{Multi-class N-pair Loss Objective}}},
  booktitle = {Advances in {{Neural Information Processing Systems}}},
  author = {Sohn, Kihyuk},
  year = {2016},
  volume = {29},
  publisher = {{Curran Associates, Inc.}},
  url = {https://papers.nips.cc/paper/2016/hash/6b180037abbebea991d8b1232f8a8ca9-Abstract.html},
  urldate = {2023-09-24},
  keywords = {notion}
}

@article{srivastava_dropout_2014,
  ids = {srivastavaDropoutSimpleWay2014a},
  title = {Dropout: A Simple Way to Prevent Neural Networks from Overfitting},
  shorttitle = {Dropout},
  author = {Srivastava, Nitish and Hinton, Geoffrey and Krizhevsky, Alex and Sutskever, Ilya and Salakhutdinov, Ruslan},
  year = {2014},
  month = jan,
  journal = {The Journal of Machine Learning Research},
  volume = {15},
  number = {1},
  pages = {1929--1958},
  issn = {1532-4435},
  keywords = {deep learning,model combination,neural networks,notion,regularization}
}

@misc{steinhardt_ai_2019,
  title = {{{AI Alignment Research Overview}} [{{Oct}} 2019]},
  author = {Steinhardt, Jacob},
  year = {2019},
  month = oct,
  journal = {Google Docs},
  url = {https://docs.google.com/document/d/1FbTuRvC4TFWzGYerTKpBU7FJlyvjeOvVYF2uYNFSlOc/edit?usp=sharing&usp=embed_facebook},
  urldate = {2022-08-19},
  langid = {english},
  keywords = {notion,read}
}

@misc{sumers_distilling_2023,
  title = {Distilling {{Internet-Scale Vision-Language Models}} into {{Embodied Agents}}},
  author = {Sumers, Theodore and Marino, Kenneth and Ahuja, Arun and Fergus, Rob and Dasgupta, Ishita},
  year = {2023},
  month = jan,
  number = {arXiv:2301.12507},
  eprint = {2301.12507},
  publisher = {{arXiv}},
  doi = {10.48550/arXiv.2301.12507},
  url = {http://arxiv.org/abs/2301.12507},
  urldate = {2023-02-07},
  archiveprefix = {arxiv},
  keywords = {Computer Science - Artificial Intelligence,notion,skimmed,sumers}
}

@inproceedings{sumers_how_2022,
  title = {How to Talk so {{AI}} Will Learn: Instructions, Descriptions, and Pragmatics},
  shorttitle = {How to Talk so {{AI}} Will Learn},
  booktitle = {Second {{Workshop}} on {{Language}} and {{Reinforcement Learning}}},
  author = {Sumers, Theodore and Hawkins, Robert D. and Ho, Mark K. and Griffiths, Thomas L. and {Hadfield-Menell}, Dylan},
  year = {2022},
  month = oct,
  url = {https://openreview.net/forum?id=Wfcbb0d7UEs},
  urldate = {2022-11-15},
  langid = {english},
  keywords = {notion,read}
}

@article{sumers_learning_2021,
  title = {Learning {{Rewards From Linguistic Feedback}}},
  author = {Sumers, Theodore R. and Ho, Mark K. and Hawkins, Robert D. and Narasimhan, Karthik and Griffiths, Thomas L.},
  year = {2021},
  month = may,
  journal = {Proceedings of the AAAI Conference on Artificial Intelligence},
  volume = {35},
  number = {7},
  pages = {6002--6010},
  issn = {2374-3468},
  doi = {10.1609/aaai.v35i7.16749},
  url = {https://ojs.aaai.org/index.php/AAAI/article/view/16749},
  urldate = {2022-11-09},
  copyright = {Copyright (c) 2021 Association for the Advancement of Artificial Intelligence},
  langid = {english},
  keywords = {notion,read,Social Cognition And Interaction}
}

@article{sutton_between_1999,
  title = {Between {{MDPs}} and Semi-{{MDPs}}: {{A}} Framework for Temporal Abstraction in Reinforcement Learning},
  shorttitle = {Between {{MDPs}} and Semi-{{MDPs}}},
  author = {Sutton, Richard S. and Precup, Doina and Singh, Satinder},
  year = {1999},
  month = aug,
  journal = {Artificial Intelligence},
  volume = {112},
  number = {1},
  pages = {181--211},
  issn = {0004-3702},
  doi = {10.1016/S0004-3702(99)00052-1},
  url = {https://www.sciencedirect.com/science/article/pii/S0004370299000521},
  urldate = {2023-09-02},
  keywords = {Hierarchical planning,Intra-option learning,Macroactions,Macros,Markov decision processes,notion,Options,Reinforcement learning,Semi-Markov decision processes,Subgoals,Temporal abstraction}
}

@book{sutton_reinforcement_2018,
  title = {Reinforcement {{Learning}}, Second Edition: {{An Introduction}}},
  shorttitle = {Reinforcement {{Learning}}, Second Edition},
  author = {Sutton, Richard S. and Barto, Andrew G.},
  year = {2018},
  month = nov,
  publisher = {{MIT Press}},
  googlebooks = {sWV0DwAAQBAJ},
  isbn = {978-0-262-03924-6},
  langid = {english},
  keywords = {Computers / Artificial Intelligence / General}
}

@misc{tam_semantic_2022,
  title = {Semantic {{Exploration}} from {{Language Abstractions}} and {{Pretrained Representations}}},
  author = {Tam, Allison C. and Rabinowitz, Neil C. and Lampinen, Andrew K. and Roy, Nicholas A. and Chan, Stephanie C. Y. and Strouse, D. J. and Wang, Jane X. and Banino, Andrea and Hill, Felix},
  year = {2022},
  month = may,
  number = {arXiv:2204.05080},
  eprint = {2204.05080},
  primaryclass = {cs},
  publisher = {{arXiv}},
  doi = {10.48550/arXiv.2204.05080},
  url = {http://arxiv.org/abs/2204.05080},
  urldate = {2023-01-10},
  archiveprefix = {arxiv},
  keywords = {Computer Science - Artificial Intelligence,Computer Science - Machine Learning,notion,to read,useful further reading from tell me why lampinen}
}

@inproceedings{tan_vokenization_2020,
  title = {Vokenization: {{Improving Language Understanding}} with {{Contextualized}}, {{Visual-Grounded Supervision}}},
  shorttitle = {Vokenization},
  booktitle = {Proceedings of the 2020 {{Conference}} on {{Empirical Methods}} in {{Natural Language Processing}} ({{EMNLP}})},
  author = {Tan, Hao and Bansal, Mohit},
  year = {2020},
  pages = {2066--2080},
  publisher = {{Association for Computational Linguistics}},
  address = {{Online}},
  doi = {10.18653/v1/2020.emnlp-main.162},
  url = {https://www.aclweb.org/anthology/2020.emnlp-main.162},
  urldate = {2023-08-26},
  langid = {english}
}

@misc{tevet_human_2022,
  title = {Human {{Motion Diffusion Model}}},
  author = {Tevet, Guy and Raab, Sigal and Gordon, Brian and Shafir, Yonatan and {Cohen-Or}, Daniel and Bermano, Amit H.},
  year = {2022},
  month = oct,
  number = {arXiv:2209.14916},
  eprint = {2209.14916},
  primaryclass = {cs},
  publisher = {{arXiv}},
  doi = {10.48550/arXiv.2209.14916},
  url = {http://arxiv.org/abs/2209.14916},
  urldate = {2022-11-15},
  archiveprefix = {arxiv},
  keywords = {Computer Science - Computer Vision and Pattern Recognition,Computer Science - Graphics,notion,read}
}

@inproceedings{tien_study_2022,
  title = {A {{Study}} of {{Causal Confusion}} in {{Preference-Based Reward Learning}}},
  booktitle = {{{ICML}} 2022: {{Workshop}} on {{Spurious Correlations}}, {{Invariance}} and {{Stability}}},
  author = {Tien, Jeremy and He, Jerry Zhi-Yang and Erickson, Zackory and Dragan, Anca and Brown, Daniel S.},
  year = {2022},
  month = jul,
  url = {https://openreview.net/forum?id=WaZZ0Sw9fWf},
  urldate = {2023-02-15},
  langid = {english},
  keywords = {notion,read}
}

@inproceedings{tomlin_understanding_2022,
  title = {Understanding {{Game-Playing Agents}} with {{Natural Language Annotations}}},
  booktitle = {Proceedings of the 60th {{Annual Meeting}} of the {{Association}} for {{Computational Linguistics}} ({{Volume}} 2: {{Short Papers}})},
  author = {Tomlin, Nicholas and He, Andre and Klein, Dan},
  year = {2022},
  month = may,
  pages = {797--807},
  publisher = {{Association for Computational Linguistics}},
  address = {{Dublin, Ireland}},
  doi = {10.18653/v1/2022.acl-short.90},
  url = {https://aclanthology.org/2022.acl-short.90},
  urldate = {2023-01-21},
  keywords = {{d klein, colleague of j steinhardt},notion,read}
}

@misc{touvron_llama_2023,
  title = {{{LLaMA}}: {{Open}} and {{Efficient Foundation Language Models}}},
  shorttitle = {{{LLaMA}}},
  author = {Touvron, Hugo and Lavril, Thibaut and Izacard, Gautier and Martinet, Xavier and Lachaux, Marie-Anne and Lacroix, Timoth{\'e}e and Rozi{\`e}re, Baptiste and Goyal, Naman and Hambro, Eric and Azhar, Faisal and Rodriguez, Aurelien and Joulin, Armand and Grave, Edouard and Lample, Guillaume},
  year = {2023},
  month = feb,
  number = {arXiv:2302.13971},
  eprint = {2302.13971},
  primaryclass = {cs},
  publisher = {{arXiv}},
  doi = {10.48550/arXiv.2302.13971},
  url = {http://arxiv.org/abs/2302.13971},
  urldate = {2023-06-11},
  archiveprefix = {arxiv},
  keywords = {Computer Science - Computation and Language,notion}
}

@misc{towers_gymnasium_2023,
  title = {Gymnasium},
  author = {Towers, Mark and Terry, Jordan K and Kwiatkowski, Ariel and Balis, John U. and Cola, Gianluca and Deleu, Tristan and Goul{\~a}o, Manuel and Kallinteris, Andreas and KG, Arjun and Krimmel, Markus and {Perez-Vicente}, Rodrigo and Pierr{\'e}, Andrea and Schulhoff, Sander and Tai, Jun Jet and Tan, Andrew Jin Shen and Younis, Omar G.},
  year = {2023},
  month = aug,
  doi = {10.5281/zenodo.8269265},
  url = {https://zenodo.org/record/8269265},
  urldate = {2023-08-31},
  howpublished = {Zenodo},
  keywords = {artificial intelligence,machine learning,reinforcement learning,simulation}
}

@inproceedings{turner_optimal_2021,
  ids = {turner_optimal_2022},
  title = {Optimal {{Policies Tend To Seek Power}}},
  booktitle = {Advances in {{Neural Information Processing Systems}}},
  author = {Turner, Alex and Smith, Logan and Shah, Rohin and Critch, Andrew and Tadepalli, Prasad},
  year = {2021},
  volume = {34},
  pages = {23063--23074},
  publisher = {{Curran Associates, Inc.}},
  url = {https://proceedings.neurips.cc/paper/2021/hash/c26820b8a4c1b3c2aa868d6d57e14a79-Abstract.html},
  urldate = {2023-03-08},
  keywords = {read}
}

@article{vamplew_scalar_2022,
  title = {Scalar Reward Is Not Enough: A Response to {{Silver}}, {{Singh}}, {{Precup}} and {{Sutton}} (2021)},
  shorttitle = {Scalar Reward Is Not Enough},
  author = {Vamplew, Peter and Smith, Benjamin J. and K{\"a}llstr{\"o}m, Johan and Ramos, Gabriel and R{\u a}dulescu, Roxana and Roijers, Diederik M. and Hayes, Conor F. and Heintz, Fredrik and Mannion, Patrick and Libin, Pieter J. K. and Dazeley, Richard and Foale, Cameron},
  year = {2022},
  month = jul,
  journal = {Autonomous Agents and Multi-Agent Systems},
  volume = {36},
  number = {2},
  pages = {41},
  issn = {1573-7454},
  doi = {10.1007/s10458-022-09575-5},
  url = {https://doi.org/10.1007/s10458-022-09575-5},
  urldate = {2022-08-01},
  langid = {english},
  keywords = {Artificial general intelligence,Multi-objective decision making,Multi-objective reinforcement learning,notion,read,Reinforcement learning,Safe and ethical AI,Scalar rewards,Vector rewards}
}

@inproceedings{van_den_oord_conditional_2016,
  title = {Conditional {{Image Generation}} with {{PixelCNN Decoders}}},
  booktitle = {Advances in {{Neural Information Processing Systems}}},
  author = {{van den Oord}, Aaron and Kalchbrenner, Nal and Espeholt, Lasse and {kavukcuoglu}, koray and Vinyals, Oriol and Graves, Alex},
  year = {2016},
  volume = {29},
  publisher = {{Curran Associates, Inc.}},
  url = {https://proceedings.neurips.cc/paper_files/paper/2016/hash/b1301141feffabac455e1f90a7de2054-Abstract.html},
  urldate = {2023-05-24}
}

@article{vaswani_attention_2017,
  ids = {vaswaniAttentionAllYou2017,vaswaniAttentionAllYou2017b},
  title = {Attention {{Is All You Need}}},
  author = {Vaswani, Ashish and Shazeer, Noam and Parmar, Niki and Uszkoreit, Jakob and Jones, Llion and Gomez, Aidan N. and Kaiser, Lukasz and Polosukhin, Illia},
  year = {2017},
  month = dec,
  journal = {arXiv:1706.03762 [cs]},
  eprint = {1706.03762},
  primaryclass = {cs},
  url = {http://arxiv.org/abs/1706.03762},
  urldate = {2021-04-29},
  archiveprefix = {arxiv},
  keywords = {Computer Science - Computation and Language,Computer Science - Machine Learning,notion}
}

@misc{von_platen_diffusers_2023,
  title = {Diffusers: {{State-of-the-art}} Diffusion Models},
  shorttitle = {Diffusers},
  author = {{von Platen}, Patrick and Patil, Suraj and Lozhkov, Anton and Cuenca, Pedro and Lambert, Nathan and Rasul, Kashif and Davaadorj, Mishig and Wolf, Thomas},
  year = {2023},
  month = aug,
  url = {https://github.com/huggingface/diffusers},
  urldate = {2023-08-29},
  copyright = {Apache-2.0},
  keywords = {notion}
}

@misc{wang_image_2022,
  title = {Image as a {{Foreign Language}}: {{BEiT Pretraining}} for {{All Vision}} and {{Vision-Language Tasks}}},
  shorttitle = {Image as a {{Foreign Language}}},
  author = {Wang, Wenhui and Bao, Hangbo and Dong, Li and Bjorck, Johan and Peng, Zhiliang and Liu, Qiang and Aggarwal, Kriti and Mohammed, Owais Khan and Singhal, Saksham and Som, Subhojit and Wei, Furu},
  year = {2022},
  month = aug,
  number = {arXiv:2208.10442},
  eprint = {2208.10442},
  primaryclass = {cs},
  publisher = {{arXiv}},
  doi = {10.48550/arXiv.2208.10442},
  url = {http://arxiv.org/abs/2208.10442},
  urldate = {2023-04-17},
  archiveprefix = {arxiv},
  keywords = {Computer Science - Computation and Language,Computer Science - Computer Vision and Pattern Recognition}
}

@inproceedings{watkins_teachable_2021,
  title = {Teachable {{Reinforcement Learning}} via {{Advice Distillation}}},
  booktitle = {Advances in {{Neural Information Processing Systems}}},
  author = {Watkins, Olivia and Gupta, Abhishek and Darrell, Trevor and Abbeel, Pieter and Andreas, Jacob},
  year = {2021},
  volume = {34},
  pages = {6920--6933},
  publisher = {{Curran Associates, Inc.}},
  url = {https://proceedings.neurips.cc/paper/2021/hash/37cfff3c04f95b22bcf166df586cd7a9-Abstract.html},
  urldate = {2022-11-02},
  keywords = {notion,read}
}

@inproceedings{wei_chain--thought_2022,
  title = {Chain-of-{{Thought Prompting Elicits Reasoning}} in {{Large Language Models}}},
  booktitle = {Advances in {{Neural Information Processing Systems}}},
  author = {Wei, Jason and Wang, Xuezhi and Schuurmans, Dale and Bosma, Maarten and Ichter, Brian and Xia, Fei and Chi, Ed H. and Le, Quoc V. and Zhou, Denny},
  year = {2022},
  month = oct,
  url = {https://openreview.net/forum?id=_VjQlMeSB_J},
  urldate = {2023-02-03},
  langid = {english}
}

@inproceedings{white_unifying_2017,
  title = {Unifying {{Task Specification}} in {{Reinforcement Learning}}},
  booktitle = {Proceedings of the 34th {{International Conference}} on {{Machine Learning}}},
  author = {White, Martha},
  year = {2017},
  month = jul,
  pages = {3742--3750},
  publisher = {{PMLR}},
  issn = {2640-3498},
  url = {https://proceedings.mlr.press/v70/white17a.html},
  urldate = {2023-03-02},
  langid = {english}
}

@inproceedings{wilson_multi-task_2007,
  title = {Multi-Task Reinforcement Learning: A Hierarchical {{Bayesian}} Approach},
  shorttitle = {Multi-Task Reinforcement Learning},
  booktitle = {Proceedings of the 24th International Conference on {{Machine}} Learning},
  author = {Wilson, Aaron and Fern, Alan and Ray, Soumya and Tadepalli, Prasad},
  year = {2007},
  month = jun,
  series = {{{ICML}} '07},
  pages = {1015--1022},
  publisher = {{Association for Computing Machinery}},
  address = {{New York, NY, USA}},
  doi = {10.1145/1273496.1273624},
  url = {https://dl.acm.org/doi/10.1145/1273496.1273624},
  urldate = {2023-08-20},
  isbn = {978-1-59593-793-3}
}

@article{winograd_understanding_1972,
  title = {Understanding Natural Language},
  author = {Winograd, Terry},
  year = {1972},
  month = jan,
  journal = {Cognitive Psychology},
  volume = {3},
  number = {1},
  pages = {1--191},
  issn = {0010-0285},
  doi = {10.1016/0010-0285(72)90002-3},
  url = {https://www.sciencedirect.com/science/article/pii/0010028572900023},
  urldate = {2023-08-26}
}

@inproceedings{wu_ai_2022,
  title = {{{AI Chains}}: {{Transparent}} and {{Controllable Human-AI Interaction}} by {{Chaining Large Language Model Prompts}}},
  shorttitle = {{{AI Chains}}},
  booktitle = {Proceedings of the 2022 {{CHI Conference}} on {{Human Factors}} in {{Computing Systems}}},
  author = {Wu, Tongshuang and Terry, Michael and Cai, Carrie Jun},
  year = {2022},
  month = apr,
  series = {{{CHI}} '22},
  pages = {1--22},
  publisher = {{Association for Computing Machinery}},
  address = {{New York, NY, USA}},
  doi = {10.1145/3491102.3517582},
  url = {https://doi.org/10.1145/3491102.3517582},
  urldate = {2022-09-08},
  isbn = {978-1-4503-9157-3},
  keywords = {Human-AI Interaction,Large Language Models,Natural Language Processing,notion,to read}
}

@article{xie_representation_2020,
  title = {Representation {{Learning}}: {{A Statistical Perspective}}},
  shorttitle = {Representation {{Learning}}},
  author = {Xie, Jianwen and Gao, Ruiqi and Nijkamp, Erik and Zhu, Song-Chun and Wu, Ying Nian},
  year = {2020},
  journal = {Annual Review of Statistics and Its Application},
  volume = {7},
  number = {1},
  pages = {303--335},
  doi = {10.1146/annurev-statistics-031219-041131},
  url = {https://doi.org/10.1146/annurev-statistics-031219-041131},
  urldate = {2023-08-26},
  keywords = {generative representations,matrix representations,predictive representations,relative representations,unsupervised learning,vector representations}
}

@misc{xu_multimodal_2022,
  title = {Multimodal {{Learning}} with {{Transformers}}: {{A Survey}}},
  shorttitle = {Multimodal {{Learning}} with {{Transformers}}},
  author = {Xu, Peng and Zhu, Xiatian and Clifton, David A.},
  year = {2022},
  month = jun,
  number = {arXiv:2206.06488},
  eprint = {2206.06488},
  primaryclass = {cs},
  publisher = {{arXiv}},
  doi = {10.48550/arXiv.2206.06488},
  url = {http://arxiv.org/abs/2206.06488},
  urldate = {2023-03-03},
  archiveprefix = {arxiv},
  keywords = {Computer Science - Computer Vision and Pattern Recognition,Computer Science - Machine Learning}
}

@misc{xu_offline_2021,
  title = {Offline {{Reinforcement Learning}} with {{Soft Behavior Regularization}}},
  author = {Xu, Haoran and Zhan, Xianyuan and Li, Jianxiong and Yin, Honglei},
  year = {2021},
  month = oct,
  number = {arXiv:2110.07395},
  eprint = {2110.07395},
  primaryclass = {cs},
  publisher = {{arXiv}},
  doi = {10.48550/arXiv.2110.07395},
  url = {http://arxiv.org/abs/2110.07395},
  urldate = {2023-03-02},
  archiveprefix = {arxiv},
  keywords = {Computer Science - Machine Learning}
}

@inproceedings{xu_videoclip_2021,
  title = {{{VideoCLIP}}: {{Contrastive Pre-training}} for {{Zero-shot Video-Text Understanding}}},
  shorttitle = {{{VideoCLIP}}},
  booktitle = {Proceedings of the 2021 {{Conference}} on {{Empirical Methods}} in {{Natural Language Processing}}},
  author = {Xu, Hu and Ghosh, Gargi and Huang, Po-Yao and Okhonko, Dmytro and Aghajanyan, Armen and Metze, Florian and Zettlemoyer, Luke and Feichtenhofer, Christoph},
  year = {2021},
  month = nov,
  pages = {6787--6800},
  publisher = {{Association for Computational Linguistics}},
  address = {{Online and Punta Cana, Dominican Republic}},
  doi = {10.18653/v1/2021.emnlp-main.544},
  url = {https://aclanthology.org/2021.emnlp-main.544},
  urldate = {2023-04-11}
}

@inproceedings{xue_clip-vip_2023,
  title = {{{CLIP-ViP}}: {{Adapting Pre-trained Image-Text Model}} to {{Video-Language Alignment}}},
  shorttitle = {{{CLIP-ViP}}},
  booktitle = {The {{Eleventh International Conference}} on {{Learning Representations}}},
  author = {Xue, Hongwei and Sun, Yuchong and Liu, Bei and Fu, Jianlong and Song, Ruihua and Li, Houqiang and Luo, Jiebo},
  year = {2023},
  month = feb,
  url = {https://openreview.net/forum?id=GNjzMAgawq},
  urldate = {2023-04-11},
  langid = {english}
}

@misc{yang_auto-gpt_2023,
  title = {Auto-{{GPT}} for {{Online Decision Making}}: {{Benchmarks}} and {{Additional Opinions}}},
  shorttitle = {Auto-{{GPT}} for {{Online Decision Making}}},
  author = {Yang, Hui and Yue, Sifu and He, Yunzhong},
  year = {2023},
  month = jun,
  number = {arXiv:2306.02224},
  eprint = {2306.02224},
  primaryclass = {cs},
  publisher = {{arXiv}},
  doi = {10.48550/arXiv.2306.02224},
  url = {http://arxiv.org/abs/2306.02224},
  urldate = {2023-09-02},
  archiveprefix = {arxiv},
  keywords = {Computer Science - Artificial Intelligence,Computer Science - Machine Learning}
}

@inproceedings{yang_safe_2021,
  title = {Safe {{Reinforcement Learning}} with {{Natural Language Constraints}}},
  booktitle = {Advances in {{Neural Information Processing Systems}}},
  author = {Yang, Tsung-Yen and Hu, Michael Y and Chow, Yinlam and Ramadge, Peter J and Narasimhan, Karthik},
  year = {2021},
  volume = {34},
  pages = {13794--13808},
  publisher = {{Curran Associates, Inc.}},
  url = {https://proceedings.neurips.cc/paper/2021/hash/72f67e70f6b7cdc4cc893edaddf0c4c6-Abstract.html},
  urldate = {2023-01-20},
  keywords = {notion,suggested by lindner via email,to read}
}

@inproceedings{yu_combo_2021,
  title = {{{COMBO}}: {{Conservative Offline Model-Based Policy Optimization}}},
  shorttitle = {{{COMBO}}},
  booktitle = {Advances in {{Neural Information Processing Systems}}},
  author = {Yu, Tianhe and Kumar, Aviral and Rafailov, Rafael and Rajeswaran, Aravind and Levine, Sergey and Finn, Chelsea},
  year = {2021},
  volume = {34},
  pages = {28954--28967},
  publisher = {{Curran Associates, Inc.}},
  url = {https://proceedings.neurips.cc/paper/2021/hash/f29a179746902e331572c483c45e5086-Abstract.html},
  urldate = {2023-03-02}
}

@misc{yu_reinforcement_2023,
  title = {Reinforcement {{Learning}} with {{Knowledge Representation}} and {{Reasoning}}: {{A Brief Survey}}},
  shorttitle = {Reinforcement {{Learning}} with {{Knowledge Representation}} and {{Reasoning}}},
  author = {Yu, Chao and Zheng, Xuejing and Zhuo, Hankz Hankui and Wan, Hai and Luo, Weilin},
  year = {2023},
  month = apr,
  number = {arXiv:2304.12090},
  eprint = {2304.12090},
  primaryclass = {cs},
  publisher = {{arXiv}},
  doi = {10.48550/arXiv.2304.12090},
  url = {http://arxiv.org/abs/2304.12090},
  urldate = {2023-09-02},
  archiveprefix = {arxiv},
  keywords = {Computer Science - Artificial Intelligence,notion}
}

@misc{yu_using_2022,
  title = {Using {{Both Demonstrations}} and {{Language Instructions}} to {{Efficiently Learn Robotic Tasks}}},
  author = {Yu, Albert and Mooney, Raymond J.},
  year = {2022},
  month = oct,
  number = {arXiv:2210.04476},
  eprint = {2210.04476},
  primaryclass = {cs},
  publisher = {{arXiv}},
  doi = {10.48550/arXiv.2210.04476},
  url = {http://arxiv.org/abs/2210.04476},
  urldate = {2022-10-14},
  archiveprefix = {arxiv},
  keywords = {Computer Science - Computation and Language,Computer Science - Machine Learning,Computer Science - Robotics,I.2.6,I.2.7,I.2.9,notion,to read}
}

@misc{yuan_florence_2021,
  title = {Florence: {{A New Foundation Model}} for {{Computer Vision}}},
  shorttitle = {Florence},
  author = {Yuan, Lu and Chen, Dongdong and Chen, Yi-Ling and Codella, Noel and Dai, Xiyang and Gao, Jianfeng and Hu, Houdong and Huang, Xuedong and Li, Boxin and Li, Chunyuan and Liu, Ce and Liu, Mengchen and Liu, Zicheng and Lu, Yumao and Shi, Yu and Wang, Lijuan and Wang, Jianfeng and Xiao, Bin and Xiao, Zhen and Yang, Jianwei and Zeng, Michael and Zhou, Luowei and Zhang, Pengchuan},
  year = {2021},
  month = nov,
  number = {arXiv:2111.11432},
  eprint = {2111.11432},
  primaryclass = {cs},
  publisher = {{arXiv}},
  doi = {10.48550/arXiv.2111.11432},
  url = {http://arxiv.org/abs/2111.11432},
  urldate = {2023-04-22},
  archiveprefix = {arxiv},
  keywords = {Computer Science - Artificial Intelligence,Computer Science - Computer Vision and Pattern Recognition,Computer Science - Machine Learning}
}

@article{zeng_survey_2023,
  title = {A {{Survey}} on {{Causal Reinforcement Learning}}},
  author = {Zeng, Yan and Cai, Ruichu and Sun, Fuchun and Huang, Libo and Hao, Zhifeng},
  year = {2023},
  month = feb,
  url = {https://arxiv-export3.library.cornell.edu/abs/2302.05209},
  urldate = {2023-03-20},
  langid = {english},
  keywords = {notion}
}

@inproceedings{zeng_transporter_2021,
  title = {Transporter {{Networks}}: {{Rearranging}} the {{Visual World}} for {{Robotic Manipulation}}},
  shorttitle = {Transporter {{Networks}}},
  booktitle = {Proceedings of the 2020 {{Conference}} on {{Robot Learning}}},
  author = {Zeng, Andy and Florence, Pete and Tompson, Jonathan and Welker, Stefan and Chien, Jonathan and Attarian, Maria and Armstrong, Travis and Krasin, Ivan and Duong, Dan and Sindhwani, Vikas and Lee, Johnny},
  year = {2021},
  month = oct,
  pages = {726--747},
  publisher = {{PMLR}},
  issn = {2640-3498},
  url = {https://proceedings.mlr.press/v155/zeng21a.html},
  urldate = {2023-03-03},
  langid = {english}
}

@inproceedings{zhang_lad_2022,
  title = {{{LAD}}: {{Language Augmented Diffusion}} for {{Reinforcement Learning}}},
  shorttitle = {{{LAD}}},
  booktitle = {Second {{Workshop}} on {{Language}} and {{Reinforcement Learning}}},
  author = {Zhang, Edwin and Lu, Yujie and Wang, William Yang and Zhang, Amy},
  year = {2022},
  month = nov,
  url = {https://openreview.net/forum?id=JhM3xZISMvN},
  urldate = {2022-11-22},
  langid = {english},
  keywords = {notion,read}
}

@article{zhang_survey_2022,
  title = {A Survey of Knowledge-Based Sequential Decision-Making under Uncertainty},
  author = {Zhang, Shiqi and Sridharan, Mohan},
  year = {2022},
  journal = {AI Magazine},
  volume = {43},
  number = {2},
  pages = {249--266},
  issn = {2371-9621},
  doi = {10.1002/aaai.12053},
  url = {https://onlinelibrary.wiley.com/doi/abs/10.1002/aaai.12053},
  urldate = {2023-09-02},
  copyright = {\textcopyright{} 2022 The Authors. AI Magazine published by Wiley Periodicals LLC on behalf of the Association for the Advancement of Artificial Intelligence.},
  langid = {english},
  keywords = {notion}
}

@misc{zholus_iglu_2022,
  title = {{{IGLU Gridworld}}: {{Simple}} and {{Fast Environment}} for {{Embodied Dialog Agents}}},
  shorttitle = {{{IGLU Gridworld}}},
  author = {Zholus, Artem and Skrynnik, Alexey and Mohanty, Shrestha and Volovikova, Zoya and Kiseleva, Julia and Szlam, Artur and Cot{\'e}, Marc-Alexandre and Panov, Aleksandr I.},
  year = {2022},
  month = may,
  number = {arXiv:2206.00142},
  eprint = {2206.00142},
  primaryclass = {cs},
  publisher = {{arXiv}},
  doi = {10.48550/arXiv.2206.00142},
  url = {http://arxiv.org/abs/2206.00142},
  urldate = {2022-10-14},
  archiveprefix = {arxiv},
  keywords = {Computer Science - Artificial Intelligence,Computer Science - Computation and Language,Computer Science - Machine Learning}
}

@inproceedings{zhong_rtfm_2020,
  title = {{{RTFM}}: {{Generalising}} to {{New Environment Dynamics}} via {{Reading}}},
  shorttitle = {{{RTFM}}},
  booktitle = {International {{Conference}} on {{Learning Representations}}},
  author = {Zhong, Victor and Rockt{\"a}schel, Tim and Grefenstette, Edward},
  year = {2020},
  month = mar,
  url = {https://openreview.net/forum?id=SJgob6NKvH},
  urldate = {2023-01-10},
  langid = {english},
  keywords = {notion,suggested by lampinen via email,to read}
}

@misc{zhou_agents_2023,
  title = {Agents: {{An Open-source Framework}} for {{Autonomous Language Agents}}},
  shorttitle = {Agents},
  author = {Zhou, Wangchunshu and Jiang, Yuchen Eleanor and Li, Long and Wu, Jialong and Wang, Tiannan and Qiu, Shi and Zhang, Jintian and Chen, Jing and Wu, Ruipu and Wang, Shuai and Zhu, Shiding and Chen, Jiyu and Zhang, Wentao and Zhang, Ningyu and Chen, Huajun and Cui, Peng and Sachan, Mrinmaya},
  year = {2023},
  month = sep,
  number = {arXiv:2309.07870},
  eprint = {2309.07870},
  primaryclass = {cs},
  publisher = {{arXiv}},
  doi = {10.48550/arXiv.2309.07870},
  url = {http://arxiv.org/abs/2309.07870},
  urldate = {2023-09-22},
  archiveprefix = {arxiv},
  keywords = {Computer Science - Computation and Language,notion}
}

@misc{zhou_comprehensive_2023,
  title = {A {{Comprehensive Survey}} on {{Pretrained Foundation Models}}: {{A History}} from {{BERT}} to {{ChatGPT}}},
  shorttitle = {A {{Comprehensive Survey}} on {{Pretrained Foundation Models}}},
  author = {Zhou, Ce and Li, Qian and Li, Chen and Yu, Jun and Liu, Yixin and Wang, Guangjing and Zhang, Kai and Ji, Cheng and Yan, Qiben and He, Lifang and Peng, Hao and Li, Jianxin and Wu, Jia and Liu, Ziwei and Xie, Pengtao and Xiong, Caiming and Pei, Jian and Yu, Philip S. and Sun, Lichao},
  year = {2023},
  month = may,
  number = {arXiv:2302.09419},
  eprint = {2302.09419},
  primaryclass = {cs},
  publisher = {{arXiv}},
  doi = {10.48550/arXiv.2302.09419},
  url = {http://arxiv.org/abs/2302.09419},
  urldate = {2023-08-26},
  archiveprefix = {arxiv},
  keywords = {Computer Science - Artificial Intelligence,Computer Science - Computation and Language,Computer Science - Machine Learning}
}

@article{zhou_inverse_2021,
  title = {Inverse {{Reinforcement Learning}} with {{Natural Language Goals}}},
  author = {Zhou, Li and Small, Kevin},
  year = {2021},
  month = may,
  journal = {Proceedings of the AAAI Conference on Artificial Intelligence},
  volume = {35},
  number = {12},
  pages = {11116--11124},
  issn = {2374-3468},
  doi = {10.1609/aaai.v35i12.17326},
  url = {https://ojs.aaai.org/index.php/AAAI/article/view/17326},
  urldate = {2022-11-09},
  copyright = {Copyright (c) 2021 Association for the Advancement of Artificial Intelligence},
  langid = {english},
  keywords = {Language Grounding \& Multi-modal NLP,read}
}

@inproceedings{ziebart_maximum_2008,
  title = {Maximum Entropy Inverse Reinforcement Learning},
  booktitle = {Proceedings of the 23rd National Conference on {{Artificial}} Intelligence - {{Volume}} 3},
  author = {Ziebart, Brian D. and Maas, Andrew and Bagnell, J. Andrew and Dey, Anind K.},
  year = {2008},
  month = jul,
  series = {{{AAAI}}'08},
  pages = {1433--1438},
  publisher = {{AAAI Press}},
  address = {{Chicago, Illinois}},
  urldate = {2022-09-08},
  isbn = {978-1-57735-368-3},
  keywords = {notion}
}
